3996 6344
126 293 178 353 265
724 296 867 355 ttetttttt
886 295 932 357 bs
950 300 978 358 S·
999 297 1177 358 elestede.
1707 312 1762 375 m

126 410 329 537 etlpurmdictotg
337 411 473 494 diacones,
484 411 627 535 ιῗιιίοιζιιιι
633 411 802 470 confessores
812 413 1136 484 &communicatione
1160 415 1311 499 ,Trinitatis
1339 416 1489 475 bettlsslmi
1516 427 1659 504 ‘martyres
1687 430 1763 496 muci

125 483 915 635 lll'lil.dilectet.‘lldtebdltlliu
968 488 1772 633 tritifttlbblbllttlillllllet'lttl·

125 621 234 704 lipsanum
257 622 345 704 beate
369 633 520 706 sanctorum
536 637 571 706 ‘tn
592 625 754 679 monasterio
770 633 784 662 ⁸
805 624 916 694 bigne,
971 626 1032 683 cula
1046 625 1327 685 seculorumdruen.
1759 644 1765 656 ’

125 703 249 763 contiguo
269 692 387 749 basiliere
407 708 468 764 quse
491 695 589 751 ducitur
606 691 749 751 Celerinae.
773 694 808 749 Et
833 695 918 752 sicin

159 816 926 896 ¹SicettldoinmartyrologioiameuColb.2,Purt.,'
967 836 995 884 et
1015 828 1163 896 balduino,
1189 829 1289 887 nabent
1314 833 1443 890 contineo.
1466 834 1606 893 Batlllcsm
1628 837 1761 899 Celerina

126 894 230 951 Loriclr.
246 904 274 950 et
286 894 413 960 uetood,
428 912 480 952 non
496 896 595 953 babent
609 895 714 967 Ripae,-
729 906 756 952 et
769 911 817 966 pro
830 896 914 951 conti·
968 909 1099 955 memorat
1123 901 1187 956 item
1207 899 1301 959 Victor
1320 901 1366 958 lib.
1386 918 1409 969 t,
1424 904 1543 972 num.5;
1564 916 1591 963 et
1605 907 1684 967 dees
1699 911 1761 970 ride

125 981 182 1037 pso,
192 964 270 1021 colb.
284 966 351 1034 duo,
364 965 454 1033 Peru,
469 968 575 1022 lturtin.
589 980 650 1021 crum
664 967 768 1037 Piguio,
784 966 914 1022 Rhenano
968 978 1059 1025 noem
1075 969 1109 1028 ttt
1121 971 1149 1027 ln
1163 971 1288 1029 eumdem
1300 983 1450 1042 asturem,
1463 987 1544 1047 supra
1552 978 1652 1036 eui.....

467 1222 957 1337 nemu
994 1223 1411 1344 SECUNDA

400 1490 602 1559 OPUSCULA
623 1492 789 1558 vlcuottt
810 1491 971 1557 vlutstttt
992 1494 1207 1561 PERPERAM
1228 1496 1471 1609 stlembus.

815 1642 1051 1659 m

439 1718 726 1798 ADMONITIO
752 1715 806 1796 tlt
832 1715 1088 1794 flultlultut
1117 1715 1437 1811 SEQUENTEM.

156 1851 207 1924 57
217 1847 363 1905 llomiliam
379 1859 535 1919 sequentem
549 1848 582 1905 de
597 1847 676 1904 beato
688 1855 807 1919 martyro
820 1846 964 1918 Cypriane,
976 1862 1036 1917 qum
1049 1847 1076 1903 in
1091 1847 1230 1904 codicibus
1243 1848 1433 1918 manuscriptis
1445 1846 1551 1906 duobus
1567 1853 1690 1918 vetustis,
1705 1869 1759 1913 uns

125 1921 227 1977 scilicet
244 1920 416 1976 bibliothecae
428 1919 590 1975 colbertinus
603 1928 631 1975 et
645 1919 731 1973 altero
747 1918 901 1973 monasterii
916 1917 1009 1974 Sancti
1023 1918 1158 1973 llartiuia
1178 1918 1302 1987 Campis,
1316 1920 1430 1975 babetur
1450 1927 1512 1990 post
1524 1922 1636 1977 relatam
1650 1939 1666 1980 a
1680 1924 1759 1983 nobis

124 2002 277 2048 sanctorum
301 1998 405 2059 septem
427 1992 617 2045 monachorum
641 1988 815 2054 Passionem,
836 1989 889 2043 buc
913 1988 994 2044 etiam
1015 1990 1134 2059 prolerre
1158 1988 1244 2043 visunt
1264 2001 1320 2054 est;
1341 1989 1411 2057 quod
1434 1989 1484 2045 etsi
1505 1989 1627 2048 lortassis
1643 1993 1759 2052 Victoris

124 2061 206 2119 bostri
227 2077 281 2116 nun
302 2059 399 2125 luterit,
418 2060 475 2129 rjus
488 2069 577 2115 temen
592 2068 634 2114 est
647 2059 754 2121 celatis,
778 2071 827 2113 uec
841 2058 948 2129 indigna
963 2065 1006 2115 est
1023 2058 1134 2113 omnino
1152 2073 1213 2129 quus
1231 2059 1280 2128 ipsi
1302 2060 1472 2115 attribuatur.
1486 2058 1570 2115 Porro
1595 2061 1759 2133 cyprianum

124 2131 250 2202 depilari
265 2130 347 2185 animi
362 2131 504 2186 deuotione
520 2131 659 2186 coluerunt
674 2142 782 2196 semper
797 2127 872 2195 lllri,
896 2128 966 2198 opud
980 2142 1046 2200 quos
1067 2129 1145 2199 bajus
1158 2130 1242 2183 sancti
1266 2131 1392 2199 martyris
1419 2128 1551 2185 festivitas
1565 2132 1633 2187 aden
1645 2134 1759 2189 celebris

124 2213 188 2267 erat,
201 2199 231 2255 u't
243 2202 302 2254 dies
314 2216 367 2270 qua
377 2201 544 2255 recolebatur
554 2198 710 2270 simpliciter
718 2196 871 2269 Cypriorum,
882 2207 1025 2254 attestante
1035 2197 1168 2268 Procopio
1179 2199 1246 2252 libru
1254 2212 1263 2252 t
1272 2200 1306 2252 de
1317 2196 1557 2264 Belloittudulicm
1565 2202 1758 2271 appellaretur3

123 2272 192 2341 quod
207 2271 291 2326 etiam
303 2285 400 2326 sturmen
416 2280 514 2333 nautae,
529 2280 558 2324 ut
572 2271 642 2325 idem
653 2276 745 2323 auctor
760 2267 887 2334 alllrnrat,
899 2268 932 2322 ad
947 2269 1079 2339 proeellas
1111 2284 1151 2322 ute
1163 2268 1235 2322 circa
1245 2266 1271 2322 ld
1285 2277 1389 2338 tempus
1399 2283 1446 2338 pet
1459 2271 1582 2338 singulos
1592 2286 1678 2327 annos
1692 2273 1759 2327 oriri

122 2342 257 2406 solebant,
272 2340 475 2396 transtulerant.
490 2341 562 2396 luter
573 2350 611 2395 tot
621 2348 710 2394 autem
724 2339 849 2393 immania
863 2339 980 2393 lacinora
993 2353 1053 2408 ettae
1063 2352 1079 2391 e
1089 2284 1216 2393 laudatis
1227 2346 1289 2407 post
1298 2348 1404 2405 captans
1416 2338 1603 2409 carthaginem
1615 2342 1759 2398 commissa

123 2410 238 2476 luserant,
250 2412 277 2465 id
293 2411 458 2478 potissimum
474 2411 656 2466 abhorrebant
673 2408 815 2473 catholici,
831 2409 902 2477 quod
923 2408 1155 2477 praeclarissimam
1171 2407 1388 2478 ecclesiamque
1409 2408 1468 2478 ipso
1481 2409 1507 2464 iu
1524 2410 1605 2465 tutaris
1621 2411 1711 2466 littore
1730 2411 1758 2467 iu

122 2481 242 2551 ejusdem
257 2485 344 2536 sancti
359 2481 485 2553 martyris
502 2479 632 2536 bonorem
654 2487 808 2534 constructa
828 2486 902 2544 erat,
922 2478 973 2534 sub
988 2477 1114 2535 Husuerlci
1128 2477 1279 2550 principatu
1294 2479 1455 2534 invasissent
1467 2477 1576 2549 Ariani,
1591 2479 1652 2547 ubi,
1673 2481 1759 2551 pulsis

123 2551 182 2607 iudo
195 2552 338 2606 catholicis
352 2552 551 2618 sacerdotibus,
565 2550 667 2605 nelarie
678 2564 727 2604 suu
739 2549 791 2603 ritu
807 2563 881 2603 sacra
895 2547 1066 2618 peragebant.

75 2652 80 2661 ·
157 2621 185 2675 ἢ.
203 2620 233 2675 ld
247 2635 308 2675 cunr
324 2636 395 2691 aegre
411 2619 554 2675 admodum
569 2623 669 2676 terrent
682 2635 754 2673 uerae
768 2617 828 2672 lidei
843 2620 977 2684 cultores,
999 2627 1109 2674 sanctus
1122 2618 1291 2691 Cyprianus,
1305 2626 1334 2673 ut
1350 2632 1384 2673 ex
1403 2617 1510 2687 publica
1528 2619 1597 2674 larua
1620 2627 1761 2690 acceperut

125 2690 286 2759 Procopius,
303 2692 384 2758 quiid
398 2692 484 2761 ipsum
498 2692 581 2746 relect
591 2692 616 2744 iu
630 2690 698 2745 libro
712 2689 773 2744 ude
785 2687 1026 2757 BelloVaudalico,
1040 2690 1139 2759 sepius
1149 2697 1229 2744 noctu
1244 2689 1277 2743 ils
1287 2688 1332 2756 quui
1343 2688 1369 2743 in
1382 2688 1435 2743 llde
1447 2689 1595 2745 orthodoxa
1606 2699 1761 2747 consecter
1789 2748 1792 2755 ,

123 2762 342 2842 perseverabant,
354 2775 403 2830 per
419 2762 503 2814 uisum
518 2762 675 2832 apparebat,
692 2774 739 2815 eos
751 2758 785 2813 ad
800 2758 954 2828 patientiam
966 2758 1129 2814 adltortandi
1142 2760 1238 2829 pretia,
1253 2757 1383 2828 pelliceus
1396 2773 1457 2813 sese
1472 2759 1579 2814 tetidem
1600 2758 1760 2831 aliquando,

124 2831 202 2900 idque
210 2831 295 2897 brevi,
304 2830 433 2886 adsersus
445 2831 508 2885 fidei
523 2832 613 2886 lrustes
622 2829 818 2884 uindicaturum
829 2843 836 2895 ;
848 2837 928 2896 atoue
938 2845 972 2885 eo
982 2832 1112 2899 temporis
1123 2828 1279 2895 interuallo,
1292 2843 1353 2882 cum
1367 2842 1466 2897 uetupe
1478 2829 1594 2884 maxime
1609 2831 1761 2898 persecutio

124 2902 248 2964 saeuiret,
278 2902 418 2968 presentis
434 2901 551 2957 homiliae
565 2912 659 2956 auctor
671 2914 825 2956 sermonem
839 2896 940 2963 habuit,
965 2911 994 2955 ut
1008 2915 1043 2954 ex
1058 2900 1118 2970 cjtts
1131 2899 1246 2955 lectione
1257 2898 1368 2966 patebit.
1380 2899 1414 2970 Et
1427 2898 1534 2966 quidem
1549 2899 1629 2968 paulo
1643 2908 1704 2968 post
1721 2900 1761 2956 rei

122 2982 232 3026 meatus
250 2973 319 3025 beati
338 2971 464 3044 martyris
479 2972 698 3041 pollicitationum
713 2970 855 3026 ueritatem
869 2971 1071 3039 comprobavit,
1089 2979 1119 3024 ut
1133 2970 1206 3025 idem
1220 2968 1316 3023 scribit
1336 2967 1494 3036 Procopius,
1518 2968 1564 3037 qui
1579 2970 1659 3024 rebus
1679 2969 1762 3038 pestis

124 3041 352 3110 prmseusaderal.
361 3041 467 3096 Etenim
475 3057 535 3095 curu
545 3041 688 3096 belisarius
698 3038 848 3095 iustinianu
859 3038 1088 3109 impetanlecirca
1097 3040 1183 3095 suncti
1194 3037 1320 3109 martyris
1327 3035 1479 3092 festivitatis
1490 3047 1594 3108 tempus
1605 3040 1631 3092 in
1643 3038 1761 3094 Alricnm

122 3115 278 3194 sppulisset,
294 3121 367 3167 recta
382 3112 570 3181 carthaginem
585 3112 673 3182 petiit,
689 3118 769 3180 utque
781 3109 807 3164 in
823 3110 881 3178 ipso
896 3111 994 3165 natulis
1008 3110 1161 3181 Cyprianici
1175 3109 1250 3180 perui
1271 3109 1325 3172 ullo,
1341 3108 1434 3161 Ariani
1450 3109 1495 3178 qui
1510 3108 1649 3178 templum,
1665 3119 1695 3163 ut
1705 3109 1762 3180 jam

123 3181 248 3244 desimus,
264 3185 313 3251 ipsi
326 3182 457 3248 dicatum,
471 3197 502 3235 ea
513 3195 566 3251 qua
580 3189 722 3251 potuerant
736 3180 934 3249 magrrilicentia
949 3180 1123 3246 adornarunt,
1138 3180 1228 3234 audita
1243 3124 1424 3233 bonestorum
1438 3188 1544 3247 strage,
1562 3182 1649 3248 lugam
1671 3179 1762 3234 sertim

122 3251 275 3318 arripuere,
290 3251 520 3325 sicqueboatluollci
535 3262 694 3318 recuperato
718 3250 791 3305 betti
804 3251 930 3320 martyris
945 3253 1056 3374 templo,
1073 3250 1244 3306 testivitatem
1259 3248 1318 3318 eius
1330 3261 1392 3302 eum
1413 3248 1514 3317 ingenti
1532 3250 1631 3317 gaudio
1644 3248 1764 3304 celebra-

123 3331 233 3377 verunt·
251 3322 303 3377 Sed
314 3323 349 3378 de
363 3320 414 3377 bac
427 3335 456 3377 re
471 3322 565 3387 lusies,
588 3322 644 3377 beo
656 3320 747 3388 dante,
759 3321 892 3391 agendum
905 3320 956 3376 erit
964 3320 993 3383 lu
1006 3322 1079 3376 erius
1097 3320 1125 3376 ln
1140 3330 1233 3376 nostru
1247 3316 1448 3374 Commentario
1470 3318 1600 3374 historico
1617 3319 1703 3391 capite
1718 3319 1763 3374 li.

205 3516 458 3601 HOMILIA
494 3514 574 3601 DE
611 3519 658 3603 S·
697 3517 996 3603 CYPRIANO
1033 3520 1222 3605 messe..
1254 3520 1330 3603 ET
1366 3513 1670 3627 MARTYeE.

818 3657 1059 3675 ...ιι-ιμ-

154 3712 210 3785 58
224 3712 246 3767 l.
262 3713 349 3770 lindie
363 3728 412 3769 nos
433 3712 542 3770 solitum
556 3714 664 3773 deterre
676 3728 830 3775 sermonem
844 3720 916 3777 beati
932 3725 957 3786 B
1011 3721 1044 3778 lt.
1065 3720 1120 3779 Sed
1134 3721 1161 3779 iu
1174 3721 1219 3777 ltis
1232 3718 1369 3785 omnibus,
1384 3717 1493 3785 lrstres,
1508 3717 1643 3787 crlpamur
1657 3714 1690 3770 ad
1710 3714 1765 3770 llo·

120 3781 249 3865 cypriani
260 3784 380 3867 natalitia
397 3783 465 3839 lesta
480 3786 653 3855 compellunt.
670 3786 737 3912 olm
749 3790 820 3845 enim
831 3792 917 3861 possit
971 3793 1097 3858 mistum,
1125 3795 1170 3863 qui
1195 3792 1319 3872 jacentus
1332 3804 1366 3846 ex
1387 3789 1480 3855 nebim
1500 3802 1551 3843 nec
1569 3785 1765 3856 desperationis

118 3860 184 3909 tantu
196 3864 328 3925 martyns
339 3855 420 3909 silere
430 3856 554 3923 uirtutes,
572 3866 661 3912 tacere
675 3859 805 3927 goriam,
822 3863 917 3916 unerita
971 3864 1175 3933 exstinguamur
1194 3858 1382 3923 uncummodo,
1398 3860 1442 3930 qui
1457 3858 1514 3926 spei
1529 3870 1622 3910 sumus
1640 3853 1766 3908 remediis

117 3938 172 4005 oon
182 3923 305 4005 reterre,
317 3925 367 3979 nisi
378 3924 500 3996 lorteqrri
515 3942 586 3982 stunc
596 3928 721 3984 ntoeroris
731 3930 789 3998 ejus
801 3931 916 3998 proprie
969 3932 1079 3987 Cltristo
1092 3932 1245 3987 uiuillcente
1260 3931 1367 3985 salvati.
1383 3931 1483 3983 lteatm
1500 3924 1648 3996 Cyprianus
1666 3925 1693 3976 in
1710 3923 1766 4001 lieo

115 3996 189 4049 sedus
209 4009 390 4049 amissionem
414 3998 589 4061 persentiunt.
606 3998 662 4051 tlon
683 3998 729 4053 ille
743 4000 916 4056 uictoriarum
970 4013 1072 4058 etcum
1088 4003 1143 4058 beo
1157 4003 1227 4056 liber
1241 4009 1292 4062 est,
1307 4000 1354 4069 qui
1368 3998 1488 4067 captiuus
1503 3994 1616 4049 babetur
1630 3993 1657 4048 in
1672 3989 1766 4053 ttobrs;

116 4077 230 4120 suarum
246 4064 328 4119 modo
346 4079 359 4117 a
381 4064 401 4118 it
415 4066 441 4118 itt
452 4066 608 4123 scelestibus
621 4069 661 4123 sic
675 4068 825 4137 triumphos
835 4084 916 4126 coro·
971 4082 999 4128 et
1013 4072 1040 4126 in
1054 4074 1179 4142 supernis
1194 4077 1307 4141 emat,
1319 4068 1367 4138 qui
1388 4071 1414 4122 iu
1435 4065 1515 4122 terris
1527 4062 1650 4118 hostibus
1662 4060 1767 4141 ridetur

116 4149 214 4188 narem
230 4149 343 4189 suarum
361 4079 436 4207 fusce]
462 4138 585 4204 supernis
602 4137 692 4193 inlulis
706 4139 746 4194 sie
760 4142 870 4207 potitur,
889 4149 919 4196 ot
971 4141 1103 4197 addictus.
1116 4141 1201 4198 edem
1212 4140 1276 4207 sibi,
1291 4154 1342 4194 nec
1356 4139 1436 4194 nobis
1449 4138 1539 4200 deese
1554 4146 1602 4202 pto
1615 4136 1767 4202 peccatoru-

115 4218 172 4260 nou
184 4205 287 4286 laniati
307 4204 421 4286 populi,
439 4204 555 4276 dispersi
570 4207 647 4273 cleri,
663 4209 744 4278 legati
757 4211 917 4280 sacerdotii,
971 4212 1022 4268 ltus
1034 4211 1104 4283 apud
1122 4210 1227 4281 justum
1247 4208 1369 4280 iudicem
1380 4208 1472 4277 iustus
1484 4215 1613 4276 patronus
1625 4203 1638 4241 b
1652 4199 1767 4283 assistit,

114 4276 232 4343 perditas
244 4276 392 4340 castitatis,
405 4275 495 4331 uiolati
510 4277 635 4346 pudoris,
648 4279 741 4348 polluti
755 4284 918 4348 sanctuarii,
972 4281 1044 4353 apud
1058 4283 1129 4353 pium
1145 4296 1236 4351 repens
1258 4286 1389 4336 innocens
1404 4277 1550 4333 adsumtos
1573 4281 1678 4329 exorat.
1701 4271 1770 4327 breul

114 4345 208 4401 altaris
232 4346 371 4415 prolanati
386 4346 487 4415 grande
509 4346 607 4403 uulnus
620 4363 681 4403 curn
702 4350 759 4416 ipsa
783 4353 918 4408 viseerum
973 4352 1239 4418 Dominosllontlue,
1248 4366 1333 4421 quare
1342 4349 1474 4404 tradidisti
1485 4344 1648 4402 aduersariis
1658 4340 1769 4396 domurn

113 4425 228 4470 suerunt
242 4417 406 4485 captivitate
419 4415 553 4484 deploret.
567 4416 624 4487 lpse
637 4428 679 4474 est
691 4420 735 4488 quii
750 4430 778 4473 et
787 4430 849 4477 ante
863 4422 920 4489 lap·
972 4433 1059 4486 tuam,
1068 4413 1769 4484 inimicisbasreditutemtuamleurproianissancta,

113 4495 200 4541 sonet
213 4487 315 4540 ruinas
326 4498 438 4541 suorum
455 4487 500 4540 tall
516 4486 597 4542 dellet
608 4488 715 4558 aliectu,
728 4489 822 4546 diceus
837 4509 843 4544 :
860 4490 919 4547 *lt't
973 4508 1022 4549 cur
1048 4494 1146 4548 munda
1161 4492 1288 4563 pollutis,
1301 4500 1330 4546 et
1343 4504 1393 4545 cur
1408 4489 1477 4559 lupis
1500 4484 1600 4557 agnoui
1620 4482 1675 4539 Cur
1689 4479 1771 4536 tradit

111 4568 158 4610 sot
185 4572 251 4611 eset
266 4557 408 4625 prostratis
424 4556 547 4626 [ratribus
570 4562 705 4628 prostrauit
726 4559 841 4626 offertus.
864 4561 920 4617 dtr·
972 4563 1203 4634 bestiis‘gregent‚
1235 4574 1357 4618 asturum
1371 4558 1524 4627 Principem
1538 4563 1631 4625 pastor
1643 4550 1771 4634 audacter

112 4626 190 4682 tistes
200 4627 351 4697 poputum,
365 4637 690 4699 pestorpressem,parens
708 4627 920 4704 [dotupmiens]
973 4649 1009 4703 ap
1046 4635 1106 4699 llat;
1134 4648 1183 4689 cur
1209 4579 1267 4688 {fex
1290 4629 1441 4688 exercitum
1465 4629 1505 4682 sio
1528 4627 1654 4681 devotum
1681 4622 1772 4704 ltosttlr

111 4700 247 4766 paulam
271 4705 378 4767 martyr
392 4694 472 4752 fldem
488 4712 541 4752 nou
563 4700 621 4752 sine
635 4715 731 4769 suagrio
745 4701 842 4756 dolore
860 4717 921 4773 per·
973 4718 1007 4759 su
1025 4705 1121 4774 jecerit
1136 4703 1251 4768 ditioni,
1266 4705 1320 4758 dus
1336 4710 1465 4756 strenuus
1478 4697 1670 4752 convenienter
1683 4706 1772 4773 inquu-

110 4768 208 4837 qoirlt.
231 4768 468 4836 Exstiugueretur
483 4768 628 4838 barbarus,
649 4771 710 4839 quia
726 4770 792 4827 ciuis
808 4771 921 4828 babetur
975 4774 1025 4840 rlt;
1048 4789 1097 4829 cur
1116 4773 1226 4844 perildis
1245 4764 1385 4827 addlx'erit
1407 4769 1446 4825 sic
1472 4767 1585 4831 lideles,
1606 4762 1732 4843 sacerdos
1746 4777 1773 4816 ιιι

110 4840 289 4903 essenorum
317 4851 369 4892 nee
393 4846 497 4892 teneret
516 4838 609 4892 altaria
626 4839 764 4909 pertidus,
784 4856 798 4893 a
823 4842 921 4911 quibus
975 4848 1106 4915 martyrio
1128 4844 1257 4914 probatus
1271 4843 1413 4897 iactamur.
1432 4838 1479 4895 Ait
1493 4838 1574 4892 etiam
1589 4847 1710 4903 corporis
1732 4831 1774 4913 sui

112 4908 202 4964 lidelis
218 4909 337 4978 lugetur
347 4908 492 4971 exclusus,
507 4908 550 4964 rel
562 4923 593 4964 er
610 4918 687 4979 perte
707 4912 841 4967 solaretur
864 4913 921 4982 ipse
975 4928 1072 4970 mosas
1087 4911 1202 4969 dicendo
1218 4929 1225 4966 r
1243 4911 1375 4977 bomine,
1397 4924 1446 4965 cur
1466 4907 1586 4963 membra
1607 4918 1668 4974 quer
1689 4910 1716 4957 te
1736 4916 1775 4957 ste

110 4990 271 5050 martyrum
290 4975 426 5044 solitudo,
442 4977 485 5031 cui
505 4981 597 5049 utique
611 4980 789 5036 obsecuturus
807 4982 920 5047 deerat,
975 4986 1101 5040 contessa
1118 4993 1181 5039 suut
1199 4995 1294 5053 pessus
1309 4995 1339 5037 es
1356 4979 1505 5051 captivari?
1527 4991 1576 5032 cur
1594 4983 1690 5031 testem
1705 4987 1776 5026 san-

109 5050 133 5127 ti
151 5052 282 5121 deuotus
303 5063 364 5128 non.
384 5047 543 5117 insultabat,
568 5051 716 5121 sacrilegus
735 5053 922 5109 contristabat
974 5054 1075 5125 guinis,
1092 5068 1171 5125 sutem
1187 5061 1261 5108 tanto
1286 5052 1485 5109 sublimaveras
1507 5047 1623 5111 bonore,
1640 5051 1715 5099 tanto
1730 5042 1777 5099 de·

108 5118 216 5175 illusor.
229 5118 296 5174 lloc
309 5117 439 5182 diximus,
455 5116 571 5184 iratres,
591 5126 623 5175 ut
634 5124 810 5190 probaremus
820 5091 957 5178 iterumc
974 5126 1080 5196 spectui
1100 5125 1253 5192 reliquisti,
1279 5122 1315 5179 sd
1365 5132 1496 5177 stremum
1515 5128 1544 5172 et
1555 5118 1589 5172 de
1608 5115 1687 5171 nobis
1700 5124 1727 5195 et
1742 5114 1777 5168 de

108 5192 163 5258 patl
184 5197 367 5260 coarteretur,
383 5187 480 5242 iterum
495 5197 641 5259 martyrem
655 5199 787 5245 tormenta
805 5195 918 5260 sentire,
974 5195 1086 5261 nostris,
1096 5209 1155 5267 quae
1165 5192 1258 5267 [Mart.
1269 5193 1334 5265 quie
1362 5185 1778 5263 tua59suntomnialaos1out

108 5265 208 5315 iterum
231 5272 293 5329 pro
306 5256 434 5313 omnibus
448 5258 589 5313 carnifices
602 5258 754 5327 sustineie,
769 5260 815 5331 qui
829 5277 878 5332 pro
888 5278 920 5321 se
973 5265 1026 5321 ris.
1043 5264 1095 5321 llbi
1108 5274 1151 5320 est
1160 5280 1258 5320 nomeu
1274 5274 1362 5331 tuum,
1379 5262 1426 5317 ubl
1440 5269 1485 5316 est
1497 5259 1583 5330 glorie
1597 5267 1661 5324 tue,
1678 5254 1722 5310 ubl
1735 5259 1778 5308 est

108 5332 186 5386 etde
202 5346 250 5397 se,
265 5338 332 5398 post
343 5335 430 5409 tentas
442 5330 544 5400 palmas
556 5329 703 5402 lueratjam
713 5345 841 5397 securus;
854 5344 918 5389 tunc
973 5336 1060 5390 rictus
1074 5336 1138 5390 tue?
1153 5336 1215 5391 llaec
1232 5333 1350 5390 dicendo
1364 5339 1530 5403 penesque
1545 5338 1573 5384 te
1587 5337 1615 5383 ut
1637 5340 1688 5382 nos
1702 5326 1778 5403 inua-

107 5404 192 5457 semel
207 5413 309 5455 casus
319 5406 418 5467 ceptte,
432 5412 503 5452 nuuc
513 5400 631 5467 quotidie
641 5402 757 5471 propriis
768 5403 876 5471 punitur
889 5404 917 5460 in
973 5404 1074 5461 deteut
1090 5406 1360 5476 blasphemaverunt.
1374 5402 1464 5457 Exsur
1482 5414 1613 5471 etquare
1627 5395 1778 5458 obdormis,

107 5471 267 5536 membris,
292 5474 323 5523 et
336 5482 450 5538 quorum
473 5467 612 5526 letabatur
635 5471 790 5543 obsequiis,
818 5487 913 5530 eorum
973 5473 1107 5531 Douninel
1135 5491 1268 5547 exsurge,
1289 5485 1319 5531 et
1339 5488 1376 5530 ae
1400 5472 1518 5540 repetas
1540 5483 1624 5540 usque
1645 5468 1672 5522 ln
1686 5464 1778 5517 llnem'·

107 5541 230 5600 luceium
242 5552 327 5596 nuuc
339 5546 448 5594 tenetur
460 5538 598 5596 acinctus.
973 5543 1068 5603 Redde
1092 5546 1139 5602 tibi
1155 5555 1228 5602 tuem
1241 5547 1378 5619 gloriam,
1401 5552 1502 5599 terram
1523 5550 1596 5598 tuam
1609 5536 1662 5594 tuis
1676 5530 1778 5599 redde,

142 5678 219 5740 'sie
230 5675 344 5750 quim*
352 5674 471 5746 ¹⁰q¹¹³⁸⁰¹
482 5675 633 5748 cmm
643 5674 719 5735 ¹¹¹ffi⁰
731 5680 792 5736 “bii
802 5679 836 5737 ἀΰ
848 5679 919 5751 ¹¹³9·
1012 5678 1411 5751 1>ῦιι(1.ι1ιιιι.,ιιιι“ιιι·ι.οιι1ιι.,
1421 5677 1620 5750 pismjodtcem
1632 5671 1671 5727 uel
1683 5656 1780 5741 repens.

108 5754 166 5812 ⁸³¹²
183 5751 223 5807 ¹³
241 5746 387 5820 mmm·
400 5745 573 5818 statuimur
589 5764 629 5805 me
644 5752 781 5822 prostrauit
799 5752 922 5821 effeetus,
977 5758 979 5765 ’
1197 5788 1200 5793 ,

239 5842 391 5907 Persou.
411 5839 522 5903 Lvlll.
976 5894 979 5901 .
1601 5836 1623 5900 b
