4090 6348
247 368 312 426 tlt·
886 376 1010 439 alberit!
1027 377 1253 443 bPllbblelllS
1820 400 1877 462 m

245 486 340 550 pectus
353 480 493 539 accedeus.
512 482 611 540 bream
625 482 698 541 dorsi
713 484 841 544 humilior
857 488 929 547 iuter
941 506 1035 557 exere·
1047 493 1075 561 A
1086 504 1224 566 acceptum
1247 495 1327 554 modo
1347 498 1490 559 insinuatis
1508 518 1525 561 e
1546 518 1656 579 regione
1676 511 1811 583 capitibus
1832 516 1877 575 iu·

246 581 337 627 menta
358 580 493 629 costarum
515 574 592 644 spina
612 574 792 634 discriminat.
805 578 972 638 Tuberosuru
994 594 1036 639 cst
1088 587 1188 655 tendit,
1208 588 1341 645 modoad
1362 592 1444 647 talum
1467 594 1612 664 pendulum
1635 600 1699 657 nodi
1718 611 1794 671 parte
1809 620 1876 663 corr·

244 670 389 733 utrumque
405 663 534 722 musculis
554 666 766 737 prominentibus
789 669 869 727 latus.
886 670 915 744 ἢ
931 672 959 728 ln
974 689 1037 732 suc·
1086 690 1179 744 uersa,
1195 678 1366 749 languentem
1390 681 1500 740 chordae
1513 683 1639 756 laqueum
1652 691 1773 761 vagantis
1793 693 1876 766 digito

245 754 340 812 cinctis
352 763 447 826 regnat
458 757 535 828 rigor
545 757 634 814 ilibus.
648 759 781 815 Corneum
796 760 895 828 lentur,
916 759 1036 821 interno·
1086 766 1274 836 superlabente
1285 772 1468 841 prosequitur:
1480 781 1507 830 et
1516 789 1577 832 mox
1589 777 1809 853 5spiculacapit,
1825 785 1876 843 iru-

245 848 439 926 dlapoplitum
463 848 533 906 bene
555 850 685 907 mascula.
709 851 844 908 liaximus
870 853 897 910 in
923 856 1035 915 ιιιίιιίιιιι
1078 853 1112 924 'pi
1130 863 1151 922 t,
1164 856 1292 926 expellit:
1306 859 1403 929 quidve
1415 863 1507 934 cupias
1518 867 1630 936 percuti,
1643 868 1716 938 prior
1727 871 1875 933 admouet:
1893 934 1896 947 ,

244 943 351 1012 rugosis
363 941 475 1012 genibus
489 941 586 999 bonor.
600 942 685 999 Crura
695 944 767 1002 suris
777 945 842 1002 iulta
856 949 1033 1020 turgentibus,
1083 945 1161 1017 eligis
1174 946 1237 1016 quid
1257 946 1353 1018 iaciat,
1371 952 1443 1021 quod
1462 953 1576 1025 elegeris
1595 955 1676 1014 ierit:
1697 969 1725 1015 et
1747 960 1771 1018 si
1786 963 1820 1019 ab
1835 965 1876 1021 al·

245 1040 272 1086 ιι
296 1030 342 1100 oui
365 1045 460 1103 magua
486 1040 618 1089 sustentat
640 1035 761 1092 membra
784 1052 832 1109 pes
850 1039 983 1098 modicus.
1004 1040 1034 1099 st
1084 1047 1186 1099 terutro
1203 1044 1349 1101 errandum
1368 1055 1424 1117 est,
1445 1050 1531 1107 rarius
1550 1051 1649 1109 lailitur
1667 1054 1773 1126 ligentis
1793 1061 1873 1131 ictus,

240 1121 377 1179 actionem
391 1123 560 1190 diuturnam,
582 1139 643 1195 quae
663 1134 706 1181 est
723 1124 872 1185 lorinsecus
893 1130 1032 1203 exposita,
1077 1135 1164 1205 'quam
1187 1133 1346 1193 destinantis
1364 1138 1482 1196 obtutus.
1501 1141 1530 1199 Si
1545 1142 1571 1198 in
1587 1145 1737 1203 convivium
1755 1151 1870 1223 venitur,

237 1214 400 1284 perquiras,
414 1215 586 1271 antelucanos
601 1225 615 1255 ⁸
629 1216 798 1273 sacerdotum
817 1232 926 1275 suorum
947 1231 1033 1280 emtus
1076 1222 1154 1293 'ouod
1167 1223 1275 1293 quidem
1289 1224 1384 1283 diebus
1396 1228 1523 1298 prolestis
1538 1231 1625 1290 simile
1637 1237 1740 1307 privato
1751 1248 1804 1309 est,
1817 1257 1870 1299 non

236 1304 355 1360 minimo
368 1305 497 1362 comitatu
511 1306 630 1377 expetit,
645 1306 740 1378 grandi
760 1308 905 1368 sedulitate
922 1327 1035 1372 venera·
1082 1311 1120 1369 ibi
1137 1312 1284 1384 impolitam
1298 1318 1450 1387 congeriem
1464 1317 1570 1378 liventis
1588 1325 1691 1394 argenti
1709 1329 1810 1385 mensis
1826 1346 1871 1389 oe·

247 1405 289 1452 tur
301 1414 308 1450 :
322 1410 490 1468 quanquam,
511 1398 533 1454 si
551 1412 642 1454 sermo
660 1408 793 1467 secretos,
813 1402 900 1471 possis
913 1404 1033 1461 animad·
1082 1402 1207 1462 dentibus
1233 1406 1396 1477 suspiriosus
1428 1410 1551 1469 minister
1577 1413 1701 1486 imponit.
1726 1419 1869 1479 blaximum

244 1499 349 1547 uertere
365 1489 435 1561 quod
455 1499 543 1547 seruet
561 1491 641 1547 istam
662 1504 711 1561 pro
729 1493 924 1551 consuetudine
944 1497 1033 1567 potius
1083 1501 1146 1549 tunc
1160 1495 1265 1564 pondus
1275 1496 1302 1551 in
1317 1497 1407 1555 serbis
1418 1507 1478 1557 est:
1494 1501 1591 1575 quippe
1604 1519 1664 1561 cum
1676 1507 1785 1566 iilieaut
1797 1513 1869 1570 nulla

243 1598 323 1654 quam
345 1582 427 1654 prob
449 1584 552 1641 ratione
574 1585 764 1641 reuerentiam.
787 1585 929 1656 Reliquum
952 1603 1032 1646 mane
1081 1594 1241 1651 narrantur,
1264 1593 1310 1641 aut
1332 1587 1412 1644 seria.
1434 1585 1654 1651 drorsunaun
1678 1599 1869 1670 peripetasma.

243 1676 320 1745 regni
341 1675 546 1732 administrandi
558 1690 622 1732 cura
639 1676 690 1732 sibl
709 1677 829 1748 deputat.
852 1678 1032 1759 circumsistit
1081 1682 1190 1746 tumque
1202 1677 1283 1735 modo
1292 1680 1463 1753 conchyliata
1475 1684 1610 1754 protertur
1622 1690 1776 1761 suppellex,
1789 1696 1869 1753 modo

243 1766 336 1824 sellam
355 1781 447 1825 comes
465 1767 592 1839 armiger,
614 1768 767 1838 pellitorum
787 1770 865 1827 turba
885 1772 1029 1829 satellitum
1082 1763 1200 1836 byssina.
1214 1765 1273 1824 elui
1285 1778 1353 1836 arte,
1367 1786 1420 1827 non
1435 1775 1521 1843 pretio
1534 1776 1642 1847 placent
1658 1797 1665 1834 :
1682 1780 1813 1839 ·lercula
1827 1787 1868 1842 ῃῑ.

243 1871 278 1912 ne
291 1856 362 1914 absit
374 1858 532 1925 admittitor,
548 1872 583 1915 ue
597 1858 737 1929 obstrepat
750 1859 924 1917 eliminatur:
938 1862 1030 1934 sicque
1045 1858 1069 1919 B
1081 1863 1150 1925 lore,
1165 1873 1219 1915 non
1234 1861 1364 1930 pondere.
1376 1862 1559 1936 Seyplaorum,
1574 1877 1779 1946 paterarumque
1793 1891 1869 1934 raras

242 1960 292 2018 pro
304 1948 405 2006 loribus
415 1950 601 2005 immurmurat
613 1960 625 1989 ι
639 1948 750 2007 exclusa
760 1950 838 2020 selis,
850 1951 954 2008 inclusa
966 1967 1030 2010 can-
1082 1946 1231 2006 oblaliones
1247 1951 1349 2008 lacilius
1363 1963 1404 2009 est
1418 1963 1448 2010 ut
1460 1967 1567 2046 accuset
1585 1960 1654 2029 sitis,
1669 1977 1748 2039 quam
1762 1978 1870 2025 recuset

243 2039 330 2096 cellis.
350 2038 421 2095 inter
441 2038 499 2095 baec
519 2040 680 2097 intromissis
700 2041 819 2112 gentium
840 2036 1028 2112 legationibus,
1082 2037 1208 2096 ebrietas.
1224 2041 1294 2109 Quid
1308 2043 1420 2100 multisl
1439 2045 1536 2105 Videas
1549 2048 1586 2106 ibi
1610 2050 1771 2123 elegantiam
1795 2055 1870 2114 crae-

242 2132 318 2189 audit
339 2132 467 2202 plurima,
488 2146 571 2202 pauca
594 2130 748 2205 respondet.
763 2133 792 2192 si
815 2134 879 2204 quid
903 2135 1029 2191 tractabi-
1081 2127 1384 2197 cam,‘abundantiam
1396 2133 1572 2206 Gallicanam,
1583 2141 1747 2200 celeritatem
1760 2146 1865 2212 italam,

242 2229 296 2290 lor,
310 2219 400 2278 diflert
417 2222 461 2277 :si
475 2222 539 2293 ouid
553 2223 726 2294 expedietur,
739 2223 882 2280 accelerat.
893 2223 969 2280 liora
987 2234 1030 2281 est
1080 2219 1215 2290 publicam
1238 2236 1381 2295 pompam,
1405 2226 1533 2297 priuatam
1556 2229 1740 2302 diligentiam,
1764 2239 1865 2308 regiam

240 2311 375 2370 mundat
387 2314 473 2385 surgit
490 2329 508 2371 e
528 2315 610 2383 solio,
632 2324 680 2371 aut
701 2315 835 2372 thesauris
856 2316 1029 2387 inspiciendis
1080 2309 1262 2382 disciplinam.
1286 2313 1325 2371 ile
1337 2323 1351 2364 ι
1362 2315 1425 2372 iuxu
1439 2327 1529 2375 autem
1544 2320 1590 2378 iilo
1604 2322 1759 2383 sabbatario
1771 2342 1866 2384 narra·

239 2412 397 2473 vacaturus,
415 2412 462 2459 aut
482 2405 646 2467 saburiasi
665 2405 808 2461 venatione
830 2407 951 2462 nuntiata
965 2419 1028 2477 pro-
1072 2401 1146 2459 tioni
1158 2418 1225 2460 meae
1234 2406 1467 2476 supersedendum
1477 2419 1530 2477 est,
1540 2412 1586 2482 oui
1596 2428 1645 2471 nec
1656 2415 1769 2474 latentes
1779 2428 1868 2489 potest

238 2493 327 2559 cedit,
339 2507 431 2550 arcum
444 2494 519 2550 lateri
534 2495 669 2551 innectere
678 2495 745 2551 citra
756 2488 913 2566 gravitatem
926 2497 1027 2567 regiam
1080 2492 1165 2561 latere
1182 2508 1322 2565 persanat.
1348 2498 1389 2554 ad
1407 2510 1495 2571 eoepta
1516 2502 1654 2561 redeatur.
1680 2507 1796 2578 [lapibus
1819 2527 1867 2568 ιχ.

239 2584 357 2654 iudicat:
371 2601 451 2655 ouem
467 2594 574 2654 mmen,
597 2586 621 2641 sl
644 2586 767 2643 cominus
788 2602 865 2644 arem
889 2587 1028 2659 lerarnrpue
1080 2584 1153 2656 plelo
1167 2600 1278 2642 somnus
1291 2588 1456 2646 meridianus
1468 2606 1542 2665 saepe
1562 2595 1661 2662 nulius,
1684 2611 1791 2670 semper
1810 2603 1867 2659 exi-

239 2682 287 2730 aut
298 2675 405 2730 venanti
420 2684 565 2745 ruonstrcs,
578 2686 624 2732 aut
642 2679 726 2733 vianti
738 2692 798 2735 sors
811 2678 923 2747 oberat,
936 2681 1027 2737 ruanul
1079 2690 1156 2747 aliut·
1180 2675 1283 2742 Quibus
1298 2678 1372 2738 boris
1385 2682 1443 2738 siro
1463 2683 1555 2741 tabula
1572 2687 1648 2743 cordi
1669 2698 1727 2757 est,
1750 2698 1867 2750 tesseras

239 2771 300 2834 post
313 2773 415 2836 tergum
438 2765 545 2823 rellerae
558 2781 626 2839 puer
638 2768 746 2833 inserit,
762 2784 846 2825 nervo
862 2770 955 2829 lurore
965 2771 1027 2827 ilui-
1078 2766 1179 2838 colligit
1191 2768 1294 2839 rapide,
1309 2770 1417 2841 inspicit
1430 2774 1555 2841 sollicite,
1568 2778 1651 2834 solvit
1665 2791 1767 2851 argrrte,
1782 2785 1864 2841 mittit

237 2855 356 2910 tantibua
369 2873 377 2911 r
392 2870 471 2926 guero
486 2855 556 2912 sicut
572 2857 676 2927 puerile
692 2866 831 2928 computat
843 2869 950 2930 gestare
965 2860 1026 2917 tbe·
1078 2856 1398 2931 instanter,¹²ioeulanter
1408 2867 1561 2937 compellat,
1574 2870 1706 2939 patienter
1715 2885 1864 2945 exspectat.

238 2950 345 3011 catum,
365 2944 403 3000 ita
428 2945 559 3003 muliebre
581 2948 704 3018 accipere
730 2947 783 3005 iaru
807 2957 923 3005 tensum.
945 2947 1028 3020 igitur
1078 2949 1107 3005 lu
1128 2948 1206 3005 bouis
1226 2949 1342 3020 iactibus
1363 2961 1449 3023 tacet,
1472 2957 1499 3011 in
1514 2958 1591 3015 maiis
1606 2960 1692 3028 ridet,
1714 2963 1741 3017 iu
1763 2966 1866 3021 neutris

274 3095 288 3126 ¹
301 3086 370 3143 Srros
385 3086 466 3154 dixit,
484 3087 598 3145 imanes
611 3086 752 3158 denotans,
767 3087 859 3161 qtrales
872 3097 951 3145 erant
968 3103 1026 3145 om·
1077 3087 1186 3144 ιίιιιιιι.
1199 3088 1326 3147 itartiaiis
1339 3091 1386 3148 lib.
1398 3108 1438 3150 ru.

239 3171 286 3266 neg
299 3158 443 3296 ῗιῗιιξιιιιιιι.
455 3227 533 3300 edit,
548 3229 679 3301 religione.
693 3227 738 3285 Sic
747 3236 775 3286 et
787 3229 978 3298 Saoaroniana,
993 3245 1025 3287 ac
1168 3201 1625 3335 fflfflssgffssgfjeffggffiffiffi

240 3297 533 3438 nr⁸5g⁰rc¹2¹2hconppus
551 3368 598 3424 lib.
616 3382 661 3435 ιιι,
682 3368 779 3424 lustiui
800 3370 914 3427 minoris
933 3371 1062 3472 oonsi-C
1114 3370 1264 3453 “Plerique
1283 3377 1394 3444 pondere
1421 3374 1531 3461 legunt:
1551 3378 1596 3435 aiii
1616 3379 1760 3451 splendore,
1774 3392 1803 3439 ut
1820 3383 1864 3441 Pi·

240 3438 350 3493 storium
364 3436 534 3503 describens,
556 3446 721 3509 protectores
740 3451 818 3496 extra
839 3440 926 3497 seium
941 3440 1026 3498 collo·
1078 3439 1143 3497 tboer
1155 3441 1256 3507 codex,
1271 3444 1340 3515 quod
1361 3461 1415 3501 nou
1435 3462 1525 3504 munus
1542 3450 1653 3506 arridet.
1677 3450 1775 3508 Eadem
1791 3469 1861 3510 ennu

239 3517 297 3573 eat,
313 3507 354 3562 iris
368 3508 508 3561 versibus:
1077 3512 1215 3580 conjunxit
1231 3512 1330 3569 Plinius
1342 3514 1376 3571 de
1389 3516 1535 3573 Carmaniae
1554 3520 1700 3578 murrbinis
1715 3537 1796 3593 agens
1815 3525 1860 3581 lib.

329 3595 446 3646 Nobilitas
456 3595 549 3647 mggpog
559 3596 634 3649 segg,
645 3597 681 3649 gg
765 3606 877 3662 pompa,
1057 3602 1059 3607 ·
1077 3596 1183 3646 xxxvn,
1194 3596 1255 3652 cap.
1268 3583 1303 3638 2:
1320 3584 1447 3656 Splendor
1460 3587 1499 3641 itia
1512 3587 1567 3645 ιὶιιι
1575 3589 1680 3660 viribus,
1690 3582 1811 3665 latorque
1822 3611 1862 3649 re·

328 3659 445 3717 Quattuor
456 3659 553 3708 eximiis
563 3661 682 3712 circumve
693 3661 741 3711 lata
754 3660 881 3712 columnis.
1067 3651 1131 3706 ries
1139 3668 1222 3790 ὅιιιιιιι
1248 3654 1379 3724 splendor.

237 3736 434 3808 ggpospgpgg
1010 3802 1013 3808 Ι
1113 3719 1125 3762 ¹
1164 3737 1224 3778 uam
1241 3723 1268 3779 in
1290 3723 1403 3807 dialogis
1424 3741 1477 3810 non
1496 3729 1861 3816 semeisnggillatbulpieius

329 3828 922 3904 o
1074 3791 1861 3930 almiri

326 3888 475 3949 Limina,et
485 3892 591 3956 indiguis
602 3902 693 3945 intrare
704 3895 842 3946 uolentibus
851 3897 962 3958 obstant,
1323 3907 1331 3931 ι
1385 3882 1401 3937 Ι)
1576 3888 1629 3939 ⁸¹⁸·
1697 3914 1706 3940 ι
1743 3890 1761 3940 p
1814 3892 1861 3944 ii⁸

327 3951 446 4003 fordensi
458 3957 568 4004 numeris
577 3954 639 4006 lastu
648 3962 758 4020 nutuque
770 3957 901 4008 tremendi.
1074 3932 1300 4058 sseaefrgbmlufl
1321 3938 1458 3992 ‘mmm
1474 3937 1634 3996 ''wilwillm
1655 3945 1860 4000 &immilem

236 4053 394 4114 Consistorii
415 4058 481 4128 regii
506 4057 577 4115 iores
597 4060 665 4116 velis
685 4061 918 4130 praetendebantur
933 4080 940 4118 :
962 4078 1024 4132 pro·
1084 4070 1275 4147 §abacorum
1289 4075 1408 4147 dierum,
1428 4093 1478 4147 per
1491 4093 1560 4150 gnos
1574 4081 1687 4150 publicis
1699 4084 1861 4156 privatisque

234 4126 306 4182 xima
324 4126 386 4183 bule
405 4131 484 4183 statio
497 4130 624 4186 caracellls
638 4141 714 4200 septa
728 4142 754 4187 et
769 4132 858 4187 clausa
871 4142 939 4188 erat.
953 4133 1024 4190 lutra
1074 4143 1203 4198 conviviis
1218 4145 1304 4214 major
1319 4146 1416 4203 luxus:
1432 4147 1499 4204 adeo
1511 4150 1618 4221 quidem
1633 4161 1661 4207 ut
1672 4155 1767 4222 cynico
1780 4155 1860 4212 dente

235 4198 342 4263 velum,
358 4197 411 4252 hoo
429 4206 471 4253 esi
487 4198 514 4252 in
530 4202 718 4255 consistorium
734 4202 837 4266 ipsum,
851 4201 963 4257 admissi
977 4216 1024 4256 ιο·
1073 4212 1248 4270 Antisthenes
1269 4216 1359 4294 ἑορτήν
1372 4223 1574 4295 γαστριμαργίας
1594 4223 1703 4301 ἀφορμήν
1716 4226 1858 4281 vociialel.

235 4265 314 4321 mites
328 4275 357 4322 et
380 4267 523 4337 participes
544 4268 667 4326 consilii:
685 4270 814 4326 satellites
828 4272 898 4327 inter
918 4273 1024 4328 caucel-
1073 4280 1143 4346 Qrdn
1156 4282 1214 4339 dies
1233 4284 1315 4341 lestos
1336 4287 1467 4359 intelligat
1482 4290 1590 4346 dubium
1608 4306 1668 4347 esse
1687 4307 1739 4348 uon
1759 4305 1857 4363 potest.

235 4332 276 4391 los
291 4343 319 4393 et
332 4336 393 4391 sela
414 4335 568 4393 substitere.
587 4338 625 4393 [le
646 4338 688 4393 bis
701 4340 828 4394 cancellis
842 4339 939 4408 onibus
952 4342 1023 4410 iudi·
1073 4349 1128 4406 llos
1139 4352 1209 4407 enim
1220 4356 1344 4424 protestis
1355 4358 1721 4429 apponitquorumcomivla
1730 4363 1787 4419 sine
1796 4364 1858 4419 lusu

235 4403 324 4458 dicum
339 4406 402 4459 item
417 4406 535 4459 omnium
557 4410 700 4463 secretaria
722 4409 898 4474 vallabamur.
913 4410 1022 4466 Clitio·
1072 4418 1154 4477 luisse
1163 4420 1240 4479 dixit.
1254 4425 1394 4481 Sacrorum
1407 4444 1502 4499 nernpe
1512 4429 1657 4485 litterarum
1669 4446 1743 4488 more
1754 4433 1858 4489 locutus

235 4471 318 4528 dorus
340 4483 449 4529 serrator
479 4490 506 4529 ιιι
531 4475 669 4531 variarum
697 4478 713 4531 'i
731 4479 763 4560 19
780 4486 808 4534 et
828 4477 930 4601 §losse
948 4483 1021 4537 anti·
1071 4499 1127 4556 est,
1142 4507 1202 4562 quse
1217 4493 1283 4550 testa
1298 4497 1399 4559 omnin,
1411 4512 1580 4569 quoscunque
1600 4500 1626 4554 in
1646 4499 1705 4556 dics
1719 4501 1856 4571 incidant,

234 4557 294 4608 nuc
315 4560 323 4596 τ
344 4541 444 4608 crata,
467 4546 573 4600 mucelli
595 4554 656 4601 aute
677 4549 801 4618 putatam.
852 4558 911 4603 erra
927 4555 1020 4617 mna,
1070 4560 1309 4620 consuescant:
1326 4564 1459 4624 caseatos
1475 4571 1807 4644 arcesseremusne,
1823 4575 1860 4629 an

233 4611 296 4681 foris
309 4628 394 4667 uorsa
413 4615 490 4667 arrio.
504 4614 592 4693 Gracci
611 4616 736 4690 κιγκλίδας
758 4626 869 4683 vocant,
892 4619 943 4675 boc
961 4630 1019 4687 est,
1070 4627 1188 4687 isidorus
1209 4634 1356 4690 Pelusiotes
1380 4636 1427 4693 lib.
1445 4653 1490 4708 ιιι,
1511 4653 1537 4696 ι.
1551 4640 1594 4695 lo.
1620 4640 1731 4700 Constat
1747 4643 1854 4715 quidem

232 4685 309 4757 θύρας
324 4681 465 4746 irasceris
483 4694 533 4741 τῶν
554 4688 679 4761 ἀρχείων,
694 4686 710 4747 ἤ
731 4686 916 4764 irascerentur,
937 4689 1020 4748 Surda
1071 4697 1223 4757 orientales
1235 4705 1299 4760 oiim
1311 4706 1337 4760 in
1350 4706 1463 4763 ecelesia
1473 4709 1553 4765 etlam
1565 4711 1694 4780 sabbatis,
1703 4714 1813 4781 perinde
1828 4729 1860 4769 ac

234 4760 312 4807 teste.
404 4762 407 4769 ’
1033 4767 1857 4852 Ddominicis,leriarisolitos,conventusquesacrosagere:

268 4819 280 4858 1¹
298 4821 376 4877 Libro
397 4838 431 4887 rt,
446 4823 558 4893 epistola
577 4825 610 4881 ad
635 4825 796 4895 Serranam,
815 4829 952 4885 sericatum
971 4842 1018 4887 to-
1071 4853 1151 4907 onam
1167 4843 1201 4897 ob
1214 4857 1322 4901 causam
1334 4848 1466 4913 Asterius,
1477 4849 1599 4905 butasere
1613 4851 1688 4906 Ponti
1702 4854 1855 4921 episcopus,

231 4907 335 4957 roomo:
350 4900 376 4947 et
391 4893 437 4949 lib.
451 4909 498 4959 tx,
513 4896 540 4951 iu
554 4896 673 4951 carmine
686 4899 896 4967 Αιιιιιιοιιιίιο,
910 4903 1016 4958 ratitum
1071 4906 1098 4963 in
1110 4909 1216 4967 homilia
1227 4914 1261 4969 de
1270 4917 1382 4984 repudio
1389 4919 1466 4977 aelia
1476 4925 1521 4980 τήν
1530 4920 1659 4994 συνωρίδα
1669 4929 1714 4977 τοῦ
1726 4922 1857 4978 radiasse

231 4976 344 5017 :meums
358 4962 441 5032 ipsso.
460 4964 561 5032 Quibus
577 4966 701 5021 orranibus
722 4968 787 5024 locis
804 4977 951 5027 toreumata
966 4987 1016 5041 pro
1070 4983 1112 5034 καὶ
1126 4996 1172 5043 τις
1186 4994 1324 5059 septenbri
1344 4996 1372 5043 et
1385 4986 1531 5058 Gregorius
1546 4989 1682 5061 Nyssenus
1695 4991 1720 5045 in
1736 4993 1857 5047 oratioue

232 5032 361 5086 toralibus
374 5035 471 5101 posuit,
482 5045 509 5090 et
519 5050 584 5091 soce
598 5037 696 5092 abusus
708 5047 764 5104 est,
779 5038 914 5096 Prudentii
925 5057 1015 5098 eaeru-
1090 5050 1185 5105 uadam
1202 5054 1261 5108 dies
1278 5056 1338 5109 illos
1350 5054 1447 5112 iratres
1461 5067 1555 5122 vocat,
1577 5060 1720 5129 luxomone
1740 5061 1808 5116 adeo
1831 5074 1857 5117 ιι

231 5101 316 5171 plolu
330 5102 556 5173 Psycbomaclria:
1068 5063 1180 5175 delicias
1198 5123 1364 5179 sabbatarius
1382 5125 1574 5196 reprehendit:
1595 5143 1656 5185 cum
1673 5130 1858 5187 occidentales

588 5216 634 5267 uda
645 5217 687 5268 ub,
699 5219 776 5270 mum)
1069 5199 1162 5245 contra
1176 5191 1311 5248 dominico
1325 5195 1459 5259 contenti,
1480 5194 1584 5251 sabbati
1599 5200 1691 5267 terias,
1708 5210 1736 5256 ut
1749 5200 1856 5256 lurlseo·

321 5269 407 5323 Fulcra
418 5286 488 5327 mem
498 5278 626 5341 ,amque
636 5286 772 5332 gomma„
783 5294 841 5334 m
850 5285 970 5353 rigantur.
1068 5273 1127 5313 rum
1144 5263 1276 5330 proprias,
1291 5265 1466 5333 neglexerint.
1489 5263 1565 5321 Unde
1585 5278 1613 5323 et
1628 5269 1809 5327 Tertullianus
1829 5273 1856 5326 iu

350 5374 356 5384 ,
394 5374 400 5386 ,
680 5381 686 5391 ,
1067 5328 1778 5412 Apologetlco:Secundo10iocoabiis:autumpni
1791 5343 1856 5396 diem

229 5369 266 5429 Et
287 5371 401 5427 Saturam
421 5375 466 5431 lib.
489 5377 561 5433 ruad
584 5378 744 5438 Ecclesiam.
760 5383 921 5443 i'oreumata
942 5391 1014 5446 enim
1066 5398 1230 5454 collatioris
1248 5411 1272 5454 et
1292 5401 1365 5454 lucas·
1378 5401 1545 5459 discernunt:
1567 5405 1594 5461 id
1610 5420 1651 5463 est
1665 5409 1802 5466 dominico
1816 5411 1856 5465 lc·
1941 5449 1945 5453 -

230 5444 337 5513 proprie
349 5453 411 5498 sunt
422 5446 548 5502 tlrerielea
561 5464 625 5503 vasa
636 5451 740 5516 calata,
754 5455 850 5524 quibus
865 5458 931 5517 uilril
944 5473 1016 5514 com·
1066 5469 1178 5533 riamur,
1193 5477 1220 5522 ut
1235 5469 1272 5522 ilii
1287 5470 1408 5526 sabbato.
1425 5473 1499 5528 Licet
1513 5489 1578 5545 ergo
1592 5482 1728 5545 potuerint
1742 5480 1856 5536 tortasse

230 5530 312 5569 ritune
331 5528 392 5568 cum
413 5531 530 5586 purpura
548 5529 576 5572 et
595 5521 684 5589 bysso.
707 5523 742 5578 tlt
760 5526 870 5592 toralia,
891 5531 1014 5598 stragulae
1063 5533 1156 5598 Gothi,
1169 5548 1197 5593 ιιι
1208 5536 1360 5593 Graecorum
1374 5540 1523 5612 disciplina:
1536 5548 1647 5613 aluruul,
1661 5549 1779 5605 sabbatis
1791 5565 1857 5619 urto-

231 5597 320 5639 uestes
335 5584 462 5640 lectorum
475 5587 658 5645 tricliniarium
670 5610 679 5646 ι
693 5608 753 5662 quea
764 5596 843 5666 vulgo
856 5612 889 5652 er
902 5601 1014 5667 pellibus
1085 5620 1118 5661 ue
1131 5605 1284 5662 Graecorum
1307 5611 1360 5664 ritu
1380 5609 1490 5669 ierinri:
1509 5617 1598 5685 aptius
1617 5626 1706 5675 lamen
1725 5628 1768 5675 est
1784 5622 1856 5688 putori

230 5662 322 5716 eraut,
338 5656 553 5738 prolanditatem
574 5660 704 5743 luxusque
727 5665 806 5720 modo
820 5681 951 5734 purpurea
967 5669 1015 5725 lie·
1065 5619 1193 5742 aluimus,
1209 5676 1311 5735 sabbati
1328 5683 1437 5740 :romine
1451 5684 1504 5741 boc
1518 5687 1577 5743 loro
1591 5687 1650 5746 dies
1662 5687 1748 5747 ieslos
1762 5705 1857 5748 oruuet

231 5726 295 5780 baut
306 5734 334 5781 et
346 5741 442 5783 serica.
456 5729 549 5783 thero
563 5730 708 5801 Piriltppica
723 5733 741 5788 2
759 5753 764 5786 :
781 5733 951 5807 Conclrplinta'a
964 5739 1012 5796 dia.
1065 5744 1190 5815 intelligi.

230 5791 347 5866 Ponrpcii
360 5799 541 5866 peristromatis
556 5816 684 5857 serrorum
696 5804 724 5858 in
738 5806 810 5860 cellia
826 5807 901 5863 lector
920 5818 1013 5865 enatos
1101 5814 1160 5872 hin
1171 5818 1306 5887 aliquibus
1319 5836 1398 5893 mss,
1407 5825 1572 5896 joculariter.
