3996 6344
229 344 283 403 ata
733 339 900 397 ternanta
922 322 967 396 iu
989 339 1161 398 vtananon
1183 339 1353 398 vtaensnn
1808 336 1857 393 att

228 464 356 540 ganeam,
383 463 492 519 bracus
515 468 603 518 textus
624 460 650 514 io
668 458 747 514 editis
764 468 812 523 ric
825 461 1011 532 bagaiensis<
1024 462 1051 520 A
1065 460 1164 526 lacum,
1177 475 1211 515 aa
1224 474 1242 516 e
1254 457 1376 515 Numidia
1395 456 1474 514 interit
1488 466 1533 513 tut
1557 472 1573 514 e
1589 457 1747 514 Mauritania
1769 457 1856 513 Carsa-

228 536 336 595 πόλιωι.
351 533 427 599 Aurtd
440 532 611 588 Ptolemaeum
625 528 672 585 lib.
684 545 723 594 tr,
737 544 797 599 cau.
812 530 841 593 b,
856 531 955 586 dicitur
967 528 1013 584 Τι’·
1066 531 1160 586 riensi.
1180 530 1282 585 'lamen
1305 544 1396 597 soora,
1420 528 1454 582 ad
1474 544 1535 598 cau.
1554 527 1656 584 seilicet
1671 527 1724 584 tat
1736 528 1854 598 ejusdcm

228 623 310 678 gaam·
324 606 408 660 codex
428 603 562 659 Palatinus
576 600 658 656 babet
671 599 778 671 Pigaua.
795 600 844 657 au
855 609 896 655 tas
909 598 1014 672 tigano
1065 600 1233 662 Collatlunis.
1255 601 1300 655 ubi
1323 599 1459 654 Seueritmt
1473 601 1606 669 eaiscagma
1626 599 1766 654 barralista
1782 600 1856 657 testi·

229 687 392 732 memoratur
406 690 421 729 a
438 673 524 727 Plinio
546 673 592 726 lib.
609 687 717 740 u‚can.
733 670 760 724 2.
789 670 906 736 Titinnius
924 671 1015 726 laudat
1067 671 1186 725 attottium
1202 670 1288 726 reddit
1308 671 1334 724 in
1350 672 1455 737 negatio
1467 670 1538 739 tgttttd
1552 671 1583 723 ad
1599 668 1781 726 Caesarienses
1794 684 1855 740 spe·

229 747 384 802 Ammianus
398 745 566 799 Marcellinus
590 741 635 797 lib.
652 757 725 801 ιιιι.
748 756 808 799 catu
823 741 849 796 6.
864 741 947 797 carm
961 743 1013 796 du·
1066 741 1166 804 ciebat,
1187 757 1248 796 eum
1269 740 1451 796 Castellaamm
1475 743 1500 793 in
1521 740 1677 795 Mauritania
1701 739 1856 809 episcorum

229 818 326 885 plicam
342 815 457 868 numinis
469 813 545 868 istius
561 814 647 868 locum
667 816 694 866 in
706 811 864 866 Mauritania
883 812 1012 867 larisseus
1066 810 1148 866 luisse
1170 811 1256 867 lassans
1274 821 1326 867 est.
1346 810 1487 866 Castellum
1508 812 1579 865 inter
1593 810 1757 865 Mauritania
1768 812 1857 865 caesa·

228 885 354 942 Antonini
371 884 510 939 itinerario
528 892 620 951 natet.
645 883 690 937 ulti
705 881 815 954 ngaaas
834 883 1012 953 municipium,
1065 882 1164 937 rienais
1184 884 1264 939 urbes
1283 891 1413 938 mensurat
1434 896 1585 952 anonymus
1605 879 1793 937 bareuuensis
1808 882 1855 941 lib.

229 954 360 1026 Oppidum
373 952 694 1025 NaramcalanioJigaoa
706 961 802 1009 castra
813 952 915 1008 tamen
930 953 1014 1008 edltla
1066 966 1106 1018 ιιι,
1122 969 1150 1006 n.
1164 951 1192 1009 8.

226 1026 308 1081 bertii
323 1026 403 1082 babet
419 1025 528 1097 Ticagas
542 1034 634 1078 castra.
1102 1023 1146 1078 76.
1167 1022 1367 1079 Muraetrtttut.
1382 1021 1409 1076 ln
1421 1020 1624 1089 Carthaginensi
1634 1021 1785 1079 Collatinus
1795 1037 1855 1093 cau.

261 1096 306 1152 66.
327 1096 522 1152 bustuarium.
534 1094 686 1165 bagaudam
700 1090 936 1162 uuutttudutnus
957 1093 1013 1148 iiu-
1067 1091 1120 1149 tab
1129 1103 1291 1148 memoratur
1300 1092 1445 1148 Leontitta
1464 1093 1566 1159 itanum
1577 1091 1856 1163 plebitMutertituna‚

227 1168 376 1233 tadiranns,
391 1178 440 1223 seu
453 1156 542 1234 natine
556 1164 768 1229 Rasodiritanus,
784 1164 853 1232 guod
877 1179 911 1218 ea
927 1162 1014 1220 Plinio
1065 1177 1116 1231 uro
1137 1178 1190 1232 otto
1209 1165 1360 1230 suspicatur
1385 1163 1416 1218 v.
1438 1111 1469 1218 g.
1489 1163 1611 1244 baluzius
1631 1162 1774 1232 legendum
1797 1179 1857 1221 esee

155 1246 158 1251 ’
226 1233 273 1292 lib.
288 1254 315 1302 r,
326 1250 385 1302 aaa.
401 1236 428 1299 b,
445 1235 472 1288 in
491 1233 646 1290 Mauritania
661 1232 924 1301 Tingitanalintadir
936 1235 1015 1304 apati·
1068 1233 1241 1287 Maracitana.
1255 1234 1287 1288 Et
1301 1233 1408 1303 quidem
1419 1233 1537 1289 ortelius
1551 1234 1577 1287 in
1589 1232 1727 1286 'llaesauro
1741 1249 1876 1302 gangra.

226 1304 1013 1377 dametportusbabeatnr.llicitnrllusodderraianiaauud
1066 1303 1147 1371 abico
1167 1303 1348 1358 Matecitanam
1372 1302 1464 1358 urbem
1492 1317 1525 1358 cx
1552 1302 1702 1359 collatione
1725 1304 1855 1374 cartuag.

226 1377 389 1431 Antoninum
415 1378 441 1430 in
463 1376 647 1440 itinerarin,a
668 1373 813 1430 Ptolemaeo
826 1389 891 1429 uero
905 1373 950 1429 lib.
974 1391 1012 1437 ιι,
1067 1374 1168 1441 laudat,
1192 1388 1271 1443 ouum
1294 1385 1383 1429 tameu
1405 1388 1535 1442 ausonam
1550 1374 1668 1431 renerius
1682 1373 1748 1429 mibi
1770 1376 1855 1432 licuit.

227 1460 286 1515 cau.
303 1449 330 1509 l.
352 1445 471 1503 ‘cercida
488 1469 525 1503 aa.
545 1446 577 1500 Et
598 1446 760 1514 Pomponius
773 1445 839 1500 Mela
858 1445 969 1499 liutadir
989 1455 1014 1499 et
1067 1445 1139 1500 ldem
1153 1452 1248 1500 auctor
1269 1444 1348 1513 unuln
1371 1443 1482 1498 interius
1507 1443 1684 1498 Muticitauum
1699 1442 1857 1500 Limitetuin

227 1516 318 1588 Sigam
331 1534 424 1586 portat
435 1467 508 1572 artes
518 1517 544 1571 io
555 1515 709 1572 Mauritania
725 1514 864 1586 Tingitana
880 1523 1012 1580 recenset,
1067 1514 1226 1568 Mauritania
1243 1514 1393 1570 Catarienti
1407 1513 1519 1569 laudans
1539 1531 1571 1568 ea
1593 1512 1662 1568 libra
1678 1513 1796 1580 Malitia,
1812 1515 1857 1574 abt

227 1602 287 1641 cum
298 1587 382 1654 altas,
396 1588 501 1659 iuquit,
516 1586 582 1641 nihil
601 1585 636 1643 sit
651 1585 742 1642 iubae
761 1587 897 1654 arorincia
911 1601 1015 1642 memo·
1067 1582 1181 1640 babetur
1194 1594 1261 1640 sect.
1277 1585 1322 1647 bt.
1341 1596 1431 1639 monet
1450 1585 1478 1639 in
1496 1584 1590 1640 codice
1610 1587 1786 1641 membraneo
1809 1601 1857 1656 pro

226 1658 417 1726 ratudignnm.
441 1658 548 1724 Verona,
564 1656 699 1722 nitebar,
715 1655 1015 1725 Rusaditanuseuisco-
1068 1653 1214 1710 Muticitani
1232 1655 1323 1711 baberi
1347 1654 1518 1710 Mauricitani.
1547 1654 1630 1710 Parra
1650 1670 1711 1711 cum
1733 1653 1856 1711 Leontina

228 1743 278 1791 uns
290 1728 333 1783 liic
347 1730 374 1783 iu
388 1730 482 1784 notitia
494 1730 643 1783 recensitus
655 1726 791 1783 sicdictus
807 1728 880 1783 luita
896 1725 1012 1781 liusazo.
1066 1740 1145 1793 saara
1168 1742 1202 1782 ex
1221 1726 1369 1782 collatione
1389 1726 1512 1780 lattdatus
1524 1725 1622 1781 ibidem
1638 1727 1740 1780 nullium
1755 1741 1786 1781 se
1808 1726 1857 1782 laa-

226 1799 290 1853 Erat
312 1807 401 1853 autem
428 1799 544 1855 banosus
566 1797 667 1852 colonia
682 1797 806 1865 Augusti,
826 1812 906 1863 anam
932 1797 1011 1865 naulo
1067 1794 1130 1852 bere
1152 1796 1317 1853 bonatistam
1340 1795 1522 1851 aduersarium
1544 1806 1735 1863 asseverasset,
1759 1797 1858 1854 liabet-

226 1867 337 1922 inlcrius
351 1870 407 1937 inse
424 1870 524 1924 llinius
537 1870 564 1923 in
576 1867 730 1923 Mauritania
744 1866 901 1926 Caesariensi
916 1881 1009 1922 recen·
1028 1833 1051 1894 B
1065 1865 1132 1920 deus
1145 1867 1275 1921 diaconus
1289 1866 1426 1935 respondit
1439 1864 1602 1921 Cretensium
1615 1866 1695 1949 modo
1708 1866 1793 1922 baisse
1808 1884 1857 1937 pro

226 1946 275 1992 set.
293 1938 395 1995 Dicitur
406 1942 440 1995 ab
452 1940 586 1995 Antorriuo
603 1938 719 1992 liutazut
731 1938 909 2004 manicipium,
925 1953 940 1991 a
956 1952 1009 2003 aruo
1064 1952 1095 1991 ea
1110 1938 1177 1992 urbe
1187 1938 1349 1992 animatum.
1365 1936 1441 1993 Uinde
1453 1936 1533 1994 inlcrt
1545 1937 1668 1991 baluzius
1679 1935 1857 1993 Crescuninm

107 1993 113 2005 ’
225 2011 294 2062 sicut
314 2020 341 2062 et
355 2025 370 2062 a
385 2009 531 2066 Ptolemaeo
546 2009 614 2065 libro
627 2024 664 2077 tr,
678 2022 736 2076 cap.
752 2007 780 2073 b,
796 2008 822 2062 in
838 2009 932 2064 eadem
947 2023 1011 2074 arn·
1064 2005 1231 2062 Dentatistam
1245 2009 1290 2076 aui
1306 2006 1417 2063 ittierins
1431 2022 1491 2078 aaa.
1510 2005 1563 2062 aba
1586 2008 1719 2091 episcopus
1733 2007 1858 2063 Mastita-

226 2078 312 2134 nincia
335 2080 448 2136 lucatur.
471 2081 504 2136 Et
518 2079 624 2149 quidem
646 2087 743 2146 prater
755 2077 805 2131 loci
820 2080 921 2141 situm,
941 2077 1012 2133 lavet
1064 2092 1115 2131 nus
1126 2078 1234 2142 dicitur,
1248 2080 1391 2149 ipsummet
1410 2091 1471 2133 esse
1488 2076 1651 2133 cresconium
1664 2093 1744 2146 ouem
1758 2078 1857 2134 liabet-

226 2150 307 2204 ctiam
325 2150 402 2206 nabis
420 2149 544 2207 Altonum
560 2148 699 2204 lamiliaris
708 2147 842 2203 scribendi
857 2151 936 2211 ratio.
952 2150 1009 2218 qui,
1064 2147 1130 2203 deus
1152 2159 1365 2212 memoratarum
1386 2163 1417 2203 ac
1437 2148 1558 2217 proinde,
1578 2148 1614 2204 ibi
1631 2162 1679 2215 uro
1697 2146 1858 2203 Mustitanut

226 2226 255 2274 ut
267 2232 300 2273 ex
320 2221 378 2277 insa
405 2221 540 2277 llarduino
554 2221 667 2289 allisque
685 2216 751 2272 ulris
764 2221 876 2275 eruditis
891 2222 942 2279 iam
957 2234 1009 2274 non
1063 2218 1249 2289 reponendum
1263 2234 1323 2275 esse
1344 2217 1544 2284 Mamertinam,
1564 2218 1636 2288 quod
1652 2227 1678 2272 et
1700 2218 1774 2275 iecit.
1790 2219 1856 2291 Sed,

225 2290 308 2344 semel
322 2292 494 2347 obseruatum
519 2299 579 2357 est,
593 2291 696 2346 litteras
721 2290 739 2341 ai
752 2297 779 2344 et
792 2306 807 2343 a
829 2289 1011 2346 indifferenter
1064 2298 1094 2344 ut
1106 2303 1185 2357 staura
1197 2289 1312 2345 diximus
1322 2293 1347 2344 in
1358 2290 1428 2345 notis
1439 2290 1472 2344 ad
1483 2291 1624 2360 episcopos
1636 2289 1769 2345 Numidiae
1779 2306 1855 2345 narn.

226 2358 386 2416 adhibebant
396 2378 404 2428 ς
415 2361 450 2418 ita
467 2371 495 2417 ut
510 2362 626 2417 buerant
636 2370 662 2415 et
676 2357 796 2414 baradus
807 2360 877 2416 idem
893 2362 957 2415 sint.
1064 2359 1108 2423 tt,
1122 2369 1150 2415 et
1163 2362 1196 2415 ad
1212 2362 1364 2432 byzacenos
1376 2376 1450 2417 anm.
1461 2359 1506 2423 28,
1518 2360 1649 2415 beaticus
1658 2359 1781 2415 Mauritius
1790 2375 1857 2416 eou-

261 2429 306 2485 ta.
316 2431 514 2488 baruntrtnos.
525 2431 657 2502 Oppidum
669 2429 852 2498 Reperitanum
863 2430 1011 2485 exiiatore
1063 2431 1147 2486 tendit
1159 2429 1323 2485 Caetronium
1336 2431 1415 2486 istum
1431 2445 1494 2486 acre
1508 2431 1677 2486 Mastitatmm
1691 2431 1717 2487 in
1731 2429 1857 2488 Numidia

226 2500 305 2554 babet
318 2500 445 2557 ortelius.
462 2503 617 2574 Attoatymus
630 2500 770 2555 barsumas
783 2502 828 2555 lib.
843 2516 883 2562 rra.
896 2517 969 2556 trum.
981 2502 1009 2571 8,
1063 2502 1217 2570 caiscouum
1239 2500 1335 2567 baisse,
1359 2502 1480 2571 duasque
1503 2501 1562 2569 ejus
1582 2503 1704 2555 nominis
1724 2502 1805 2558 turbes
1828 2504 1857 2559 iu

225 2568 421 2639 Repetinianam
437 2574 528 2627 urbem
544 2579 676 2625 memorat
698 2568 725 2622 in
748 2569 902 2625 Mauritania
922 2570 1010 2626 Caesa·
1063 2571 1153 2627 Airica
1168 2571 1305 2626 exstitisse
1318 2571 1421 2637 scribit,
1437 2587 1548 2642 natarum
1562 2571 1647 2626 altera
1659 2571 1691 2626 ad
1706 2586 1856 2642 proconsu-

225 2640 318 2701 rieusi,
334 2656 442 2711 progna
454 2650 544 2696 nister
556 2640 678 2696 Placidus
690 2636 844 2697 Parcberan
860 2643 1011 2711 suspicatur
1063 2642 1157 2708 tarem,
1173 2645 1257 2696 altera
1275 2642 1385 2697 bertrad
1401 2642 1550 2696 Numidiam
1568 2643 1718 2709 spectabat.
1735 2642 1858 2713 benique

225 2709 366 2779 legendum
380 2726 440 2768 esse
456 2712 620 2781 Reperitaua.
1064 2711 1090 2764 in
1115 2713 1267 2767 calendaria
1286 2709 1489 2780 Carthaginensi
1512 2728 1545 2766 vu
1560 2712 1597 2766 id.
1622 2712 1738 2767 Octobris
1756 2716 1786 2768 tlt
1799 2730 1858 2770 ιιιιι-

262 2781 305 2834 il.
322 2781 477 2838 balnensis.
496 2781 612 2837 [ibadam
635 2782 662 2835 in
681 2776 838 2838 Mauritania
852 2780 1009 2838 Caesariensi
1063 2784 1149 2835 moria
1167 2783 1249 2837 nasacti
1267 2782 1396 2849 Quimasi,
1412 2798 1491 2852 onem
1507 2783 1578 2838 hunc
1597 2784 1683 2851 iusum
1694 2782 1782 2908 ffb
1795 2799 1858 2841 esse

225 2860 358 2906 memorat
380 2852 495 2908 ortelius
514 2869 546 2909 ex
564 2851 672 2908 Victore
691 2852 818 2907 Uticensi.
842 2852 961 2907 liabetur
983 2863 1012 2909 et
1064 2850 1218 2917 Quintaturtt
1235 2853 1387 2920 sarsuicatnr
1405 2854 1521 2910 damatus
1541 2852 1657 2909 ioannes
1672 2854 1712 2908 Ma
1734 2856 1855 2921 illonius,

227 2920 311 2975 iliata
325 2923 350 2976 ln
364 2923 450 2979 Africa
466 2924 572 2991 arnaria
596 2941 628 2979 ea
648 2923 809 2988 cantamen,
820 2939 899 2994 auam
914 2923 1009 2980 urbem
1062 2922 1108 2989 oui
1123 2924 1166 2978 bic
1182 2926 1209 2979 iu
1224 2923 1322 2978 Notitia
1344 2923 1517 2978 Mutecitanus
1534 2923 1676 2992 episcopus
1690 2924 1800 2981 dicitur.
1818 2929 1856 2980 At

225 2990 272 3046 tab
286 2995 424 3049 Adrumeto
433 2994 514 3050 luisse
528 2995 591 3049 dicit
606 2994 885 3063 linamentumque
898 2995 1010 3064 protunda
1063 2992 1090 3046 in
1106 2996 1213 3063 vulgatu
1225 2995 1417 3065 martyrologio
1441 2993 1657 3067 bieronymtano,
1678 3003 1707 3049 nt
1727 2996 1799 3051 idean
1814 2998 1857 3052 vir

226 3063 257 3115 ad
269 3062 431 3133 Byzacenam
448 3065 569 3119 revocari
582 3066 670 3122 debet.
688 3065 773 3123 baasa
784 3064 916 3119 castellum
929 3065 1010 3120 baba·
1062 3066 1183 3120 eruditus
1198 3066 1334 3129 obsecrat,
1351 3065 1444 3119 eadem
1459 3066 1504 3119 die
1517 3066 1586 3118 inter
1599 3064 1666 3119 alios
1681 3065 1761 3121 diros
1774 3081 1857 3122 reco-

226 3142 270 3187 tur
284 3136 309 3186 iu
324 3133 431 3188 Taltulis
444 3136 667 3205 peutingeriana,
681 3137 727 3192 scd
741 3140 766 3188 in
778 3134 913 3199 Numidia,
932 3137 1008 3208 173
1065 3133 1130 3190 lltnr
1144 3134 1296 3200 Quintanas.
1308 3136 1337 3189 ln
1348 3136 1399 3190 ista
1413 3145 1502 3191 autem
1514 3135 1704 3207 martyrologio
1715 3136 1858 3205 pauciores

226 3211 256 3255 nt
267 3203 372 3270 attidem
388 3204 451 3260 mibi
470 3206 583 3260 uidetur.
605 3207 688 3262 Porro
701 3206 819 3262 Ubabam
834 3205 955 3261 eamdem
969 3209 1049 3273 nac
1066 3220 1081 3259 e
1098 3205 1296 3264 recentioribus
1314 3206 1414 3262 sanctis
1436 3215 1581 3262 accitarum
1604 3206 1689 3276 prima
1711 3222 1793 3263 mann
1805 3209 1859 3264 de·

226 3270 286 3327 bem
300 3288 360 3329 esse
372 3289 432 3329 cnm
447 3275 517 3331 baba
531 3290 547 3330 a
562 3276 707 3332 Ptolemae
721 3283 748 3330 ct
762 3274 899 3345 Stephana
911 3292 1012 3333 metua-
1066 3276 1168 3345 scripti.

225 3351 282 3395 rata
297 3355 389 3400 ceatsct
405 3345 570 3401 llnlstenius.
1025 3367 1031 3377 ·
1101 3347 1144 3401 77.
1159 3347 1371 3403 buntctatzusts.
1394 3347 1440 3403 Sic
1457 3355 1485 3405 et
1507 3348 1592 3403 codex
1609 3345 1719 3404 balleri.
1740 3348 1769 3404 lu
1787 3349 1860 3405 Car-

262 3413 306 3467 ib.
320 3414 496 3471 bnoataanus.
512 3416 584 3470 luter
599 3416 676 3486 atrius
692 3415 836 3484 provinciae
849 3416 937 3483 sedes,
953 3435 1013 3485 aaa
1070 3416 1144 3486 tbag.
1160 3418 1317 3485 collatione,
1334 3432 1393 3480 can.
1411 3419 1471 3483 197,
1486 3417 1556 3474 iniec
1565 3418 1716 3475 Donatistae
1729 3419 1858 3475 Constan-

226 3480 620 3553 inleriuscuiscouostoncnon
632 3485 1014 3556 babuissedicuutur,quando
1067 3486 1117 3540 litt
1136 3488 1267 3558 emtcopns
1293 3487 1525 3545 Rtttait'ctttrt'rutt‘t
1547 3490 1705 3558 comparuit,
1723 3505 1803 3559 abent
1821 3493 1858 3547 ad

226 3551 323 3608 Africae
337 3556 454 3638 episcopi
470 3556 657 3626 Carthaginem
675 3559 800 3612 mandato
820 3556 890 3627 regis
912 3572 1012 3616 conce·
1066 3556 1250 3612 Mauritaniam
1271 3557 1462 3614 cataniensem
1480 3561 1642 3629 pertinuisse
1660 3575 1693 3615 er
1708 3561 1808 3615 Notitia
1827 3577 1858 3617 se

226 3624 285 3678 nire
294 3625 361 3691 jusu
375 3636 447 3694 sunt,
462 3635 618 3681 nurateratur
631 3628 689 3683 luco
699 3628 717 3682 6
728 3626 878 3681 Obaritana.
891 3627 929 3683 Ea
942 3643 1015 3684 com·
1066 3625 1192 3696 colligere
1201 3628 1238 3683 ait
1254 3628 1385 3684 baluzius.
1395 3630 1421 3682 ln
1433 3628 1529 3685 Notitia
1541 3644 1604 3685 tero
1618 3630 1858 3687 baaubicaarieaait

226 3693 346 3761 pluribus
356 3707 444 3752 autem
460 3697 571 3752 urbibus
583 3712 649 3767 artas
661 3712 694 3751 cx
710 3697 818 3753 Victore
828 3697 945 3754 Uticensi
957 3715 1014 3754 me·
1066 3698 1208 3767 episcopus
1222 3712 1353 3765 nusquam
1369 3699 1492 3765 babetur,
1508 3702 1558 3755 nisi
1574 3714 1607 3756 eo
1618 3702 1726 3757 nomine
1742 3700 1864 3757 naum·-

226 3773 314 3819 marat
329 3764 455 3831 berettus,
470 3782 521 3821 uua
534 3780 570 3820 est
589 3770 631 3823 cni
645 3766 749 3837 ptaelttli
769 3767 941 3823 Anbaritanut
955 3772 1013 3841 epi-
1064 3768 1286 3835 rienaenaurbcm
1302 3769 1336 3824 de
1354 3784 1406 3839 oua
1418 3771 1461 3825 bic
1471 3771 1584 3839 agimus,
1599 3779 1645 3825 aut
1655 3782 1729 3827 certe
1740 3771 1856 3828 bassii-

225 3849 317 3904 acaaatt
332 3837 358 3888 in
374 3835 532 3892 Mauritania
546 3835 705 3903 catanensi,
721 3853 800 3908 ouem
811 3839 862 3894 istc
874 3849 968 3893 auctor
979 3842 1013 3897 ab
1065 3839 1188 3906 ritanam,
1202 3839 1459 3910 supermananti!
1471 3842 1641 3906 recensitam,
1652 3842 1797 3912 designare
1808 3859 1856 3897 ao-

225 3907 292 3959 uabe
305 3906 449 3961 dubiosum
461 3909 530 3963 dicta
545 3909 584 3964 sic
594 3909 756 3980 appellatum
767 3908 850 3975 luisse
863 3917 947 3978 curtat.
958 3911 1013 3980 Ego
1065 3908 1145 3964 luerit
1159 3910 1199 3964 tir
1211 3910 1340 3967 eruditos.
1357 3910 1527 3968 Subicarense
1539 3913 1670 3966 casstellum
1685 3912 1712 3967 in
1728 3912 1858 3969 Maurita-

224 3990 289 4030 uera
304 3977 354 4032 bac
367 3992 431 4034 tace
444 3980 544 4033 trullum
555 3979 635 4034 altnm
648 3995 663 4034 a
677 3978 754 4034 Patra
766 3978 916 4045 obturans,
932 3980 975 4036 laic
985 3983 1011 4037 iu
1065 3979 1108 4033 nia
1121 3981 1201 4035 situm
1218 3991 1349 4037 memorat
1362 3981 1518 4041 Ammianus
1532 3982 1699 4038 Marcellinus
1715 3982 1762 4039 lib.
1778 3999 1855 4055 ιιιι,

224 4045 323 4101 Malitia
346 4058 503 4114 memorato,
529 4050 661 4117 designari
685 4051 821 4105 existima.
846 4049 901 4104 Mac
923 4052 1013 4108 obstat
1064 4063 1124 4119 cap.
1140 4051 1167 4113 5,
1178 4050 1249 4120 quod
1263 4052 1297 4106 ab
1310 4051 1361 4106 lroc
1376 4051 1598 4107 busubiccarienti
1612 4068 1659 4109 seu
1673 4052 1857 4126 Ruiicgrieati

223 4117 294 4184 quod
308 4133 340 4172 et
355 4121 450 4175 codem
464 4120 571 4175 Victore
586 4118 753 4175 Oiaritanam
767 4119 861 4176 urbem
881 4134 1013 4179 memoret
1064 4120 1163 4188 cupida
1182 4122 1253 4177 aliud
1269 4137 1322 4176 noa
1342 4136 1402 4179 este
1417 4123 1636 4178 verisimillimum
1650 4133 1703 4180 est.
1723 4126 1805 4181 Certe
1817 4126 1854 4182 cl.

224 4187 281 4255 inse
296 4189 423 4255 ortelius,
436 4203 497 4245 cnm
519 4189 600 4257 inira,
616 4200 646 4245 ut
661 4205 722 4246 mot
736 4189 905 4256 dicebamus,
927 4192 1012 4248 altera
1064 4190 1105 4245 nir
1120 4190 1270 4247 Madriaous
1285 4192 1414 4259 Valesius,
1430 4194 1473 4248 cni
1489 4193 1610 4249 baluzius
1625 4208 1654 4250 te
1668 4195 1739 4250 ultro
1753 4210 1853 4251 assen-

223 4256 343 4324 ejmdem
360 4259 475 4314 numinis
495 4261 572 4315 sedes
588 4260 725 4315 habeatur.
1064 4261 1107 4313 tiri
1119 4261 1267 4329 profitetur,
1283 4277 1316 4317 ao
1337 4263 1387 4317 loci
1408 4262 1479 4331 autad
1499 4263 1668 4320 Ammianum
1691 4264 1855 4321 Rusubbica-

259 4325 303 4379 73.
323 4325 641 4385 Casrnrsausattncrtsrs.
657 4327 807 4384 Castrorum
820 4328 1012 4385 Scierianentit
1063 4345 1137 4384 rente
1146 4330 1197 4401 legi
1206 4342 1330 4393 onortcre
1342 4335 1537 4401 suspicatumbi
1549 4344 1637 4390 tamen
1643 4335 1750 4391 Notitiae
1760 4336 1853 4405 lectio,

224 4395 387 4451 mentionem
398 4412 430 4451 ex
448 4396 553 4452 lictore
564 4399 625 4454 lacit
638 4399 766 4454 Ortelius.
1064 4413 1124 4465 ause
1139 4398 1329 4457 bubicarieusis
1347 4403 1436 4470 babet,
1453 4403 1547 4460 rrtelior
1565 4404 1654 4474 luerit,
1674 4406 1761 4473 notius
1783 4410 1855 4463 reti-

260 4463 304 4519 id.
318 4467 1012 4530 casratnmcnsas.code1llalleri.cistranatenstt.
1064 4468 1150 4523 nenda
1166 4471 1217 4525 erit
1230 4472 1333 4541 altigata
1349 4474 1480 4527 Ammiani
1497 4476 1586 4541 lectio,
1598 4490 1660 4530 curu
1670 4476 1779 4546 pronius
1794 4478 1854 4533 liu·

224 4533 262 4590 ba
274 4543 315 4589 est
326 4537 391 4597 urbs
403 4550 480 4607 onam
493 4538 640 4595 Antoninus
653 4539 679 4593 ia
690 4536 1011 4594 itinerariocnttradicaa
1063 4538 1212 4594 bituriensis
1224 4555 1276 4596 aaa
1291 4542 1323 4596 ad
1338 4543 1513 4600 Subicarcntia
1526 4546 1637 4602 accedat
1649 4561 1728 4617 quarn
1745 4549 1778 4601 ad
1794 4548 1855 4604 lia·

224 4604 349 4674 appellat.
375 4605 502 4677 Ejusdem
525 4608 641 4664 nominis
655 4607 745 4663 urbem
762 4616 1008 4681 memoratanouy·
1021 4580 1049 4641 Ῑ)
1061 4609 1263 4665 tubiccariensis.
1286 4611 1371 4667 Purra
1390 4612 1555 4670 bassiricari
1574 4617 1653 4671 babet
1672 4617 1806 4673 Antonius
1825 4621 1854 4675 iu

223 4688 282 4729 mus
295 4674 481 4732 liuvenucnsis
494 4679 519 4732 iu
532 4678 672 4749 'liugttana
688 4678 735 4733 lib.
749 4693 789 4743 tu,
803 4694 831 4733 n.
844 4679 870 4734 9.
1061 4679 1213 4746 itineraria,
1238 4682 1381 4737 bataiescr
1397 4684 1557 4740 Ptolemaeus
1571 4686 1640 4742 libra
1652 4702 1688 4751 ιι,
1705 4701 1765 4754 cau.
1781 4686 1810 4749 Ξ.
1825 4699 1854 4746 et

259 4745 304 4801 76.
315 4746 514 4803 Casrcatanns.
526 4748 600 4804 lianc
611 4750 701 4805 mem
714 4746 773 4804 allis
787 4749 919 4875 ιιΙειίιῖιι
930 4748 1027 4821 bajus'
1061 4749 1194 4806 baticiltcr
1208 4766 1268 4823 cap.
1284 4755 1416 4824 renitenti.
1440 4754 1470 4810 ln
1480 4755 1589 4814 Tabulis
1602 4757 1753 4828 Peutingari
1768 4757 1854 4827 liau-

221 4816 365 4881 urorinciae
376 4817 487 4872 urbibus
500 4822 630 4875 notiorem
643 4818 706 4875 iecit
724 4818 851 4875 Voconius
891 4822 1009 4877 attellani
1061 4821 1163 4877 bricart'.
1410 4835 1414 4839 ·

222 4884 387 4942 Mauritania
407 4889 496 4960 capidi
514 4892 657 4962 episcopas.
679 4890 722 4958 orti
745 4889 920 4946 aGeunadio
938 4891 1009 4948 inter
1096 4893 1139 4948 78.
1162 4892 1371 4950 Manutazuusrs.
1393 4893 1478 4951 Victor
1494 4898 1625 4969 episcopm
1638 4895 1851 4971 Aemilianus,

221 4957 367 5024 scriptores
380 4956 578 5015 ecclesiasticos
592 4960 618 5016 in
631 4960 759 5028 catalogo
773 4975 833 5030 cap.
848 4961 882 5016 76
897 4976 1008 5031 cumuu-
1060 4977 1121 5017 cum
1137 4962 1277 5019 Sermiana
1292 4979 1340 5020 sna
1353 4965 1508 5023 adversario
1522 4983 1583 5038 cap.
1600 4965 1653 5023 aaa
1667 4970 1733 5025 item
1745 4985 1852 5029 llibttlo-

222 5032 303 5091 tatur,
329 5027 419 5098 ibique
442 5030 566 5084 laudatur
585 5030 655 5101 quod
671 5041 768 5098 crater
788 5045 819 5086 ea
834 5046 894 5101 atras
913 5043 1008 5089 contra
1060 5045 1129 5098 rato,
1144 5032 1228 5089 adluit
1241 5033 1381 5090 collationi
1394 5036 1521 5109 Cartltag.
1534 5051 1594 5108 cap.
1610 5039 1671 5094 tab.
1685 5044 1725 5095 Aa
1741 5041 1794 5096 bue
1807 5059 1854 5100 re·

221 5094 339 5163 lucinas,
351 5100 477 5169 Arianos,
489 5099 607 5171 aliosque
621 5102 746 5156 ltaclesta
756 5102 878 5157 inimicos
890 5102 1007 5173 scripsit,
1059 5104 1150 5159 uacari
1162 5115 1251 5172 nosset
1265 5104 1388 5161 Mantua
1399 5108 1480 5179 regia,
1497 5114 1525 5164 in
1539 5124 1590 5177 oua
1604 5109 1757 5165 Maurorum
1773 5098 1853 5181 urla-

221 5165 337 5221 ediderit
347 5168 426 5223 etiarn
440 5169 665 5226 sacramentorum
678 5187 736 5240 egre
754 5172 944 5228 iamaalnmea.
960 5173 1008 5230 Mic
1059 5175 1132 5243 cipes
1144 5188 1233 5231 castra
1256 5176 1381 5233 babuisse
1401 5178 1526 5234 dicuntur
1539 5180 1609 5249 apud
1626 5180 1783 5252 l‘raenuiutu
1801 5184 1850 5240 lib.

220 5235 342 5317 antistet,
365 5245 396 5292 ut
410 5238 662 5307 utramontani,
681 5242 715 5297 ab
729 5188 847 5297 Monunio
861 5252 889 5298 et
902 5243 1007 5299 Tritbe·
1058 5258 1078 5299 n
1089 5243 1123 5299 de
1135 5244 1210 5301 bella
1224 5245 1377 5312 vandalica,
1392 5247 1436 5303 alii
1448 5249 1616 5317 judicabunt.
1633 5250 1740 5307 Videtur
1755 5261 1851 5311 marran

219 5305 275 5361 mic
287 5306 385 5362 dicitur
397 5306 538 5373 buconius.
553 5324 631 5381 auam
648 5311 791 5368 lectionem
807 5312 886 5368 babet
901 5328 1007 5384 quoqne
1058 5314 1091 5369 ad
1102 5315 1242 5386 Byzacium
1259 5318 1420 5387 pertinuisse
1432 5336 1439 5371 :
1452 5318 1597 5389 etquidem
1611 5320 1752 5377 Manantam
1764 5323 1852 5393 Byza-

220 5384 299 5430 retus
309 5380 448 5447 exemplar
457 5380 586 5435 Gennadii
600 5396 633 5437 et
647 5382 808 5438 bibliotheca
820 5382 1005 5439 biscaauensi.
1057 5399 1132 5439 ceum
1145 5388 1239 5441 urbem
1250 5390 1473 5445 mediterraneam
1489 5390 1569 5444 babet
1583 5391 1653 5445 ldem
1668 5405 1763 5448 auctor
1778 5395 1850 5448 libro

220 5445 249 5500 lu
264 5451 851 5509 nostraautemvetustissimoaodicedicitur
863 5451 1004 5511 Maeonias.
1057 5470 1083 5510 rt
1101 5455 1136 5510 de
1152 5455 1295 5524 AEdillelis,
1314 5473 1374 5527 cau.
1395 5459 1423 5514 6.
1444 5457 1589 5514 Mamiliam
1608 5460 1681 5517 inter
1700 5464 1849 5535 Byzacena.

219 5514 259 5570 be
283 5516 384 5573 Cereali
408 5517 570 5591 Castellanu,
595 5522 641 5591 orti
663 5525 743 5578 etiam
768 5524 838 5579 inter
859 5524 1005 5592 scriptores
1055 5524 1177 5581 ciuitates
1192 5538 1325 5584 antemurat
1345 5528 1444 5585 Motitia
1467 5531 1564 5588 Leuuls
1585 5532 1753 5601 imperatoris
1775 5536 1848 5602 aaut

219 5586 415 5644 aeclesiasticos
440 5591 526 5645 lacum
550 5594 657 5658 inscruit,
678 5593 739 5648 ride
760 5594 827 5646 inira
849 5609 924 5649 num.
940 5595 1002 5651 llil.
1055 5595 1180 5661 bearem,
1204 5598 1252 5652 sad
1277 5597 1387 5654 Graecus
1401 5609 1489 5657 textas
1514 5605 1595 5657 babet
1607 5607 1740 5675 Μαμιδιις
1762 5606 1849 5661 editio

219 5654 304 5711 Porro
316 5660 341 5713 in
354 5657 501 5715 collatione
513 5661 636 5731 Cartbag.
652 5678 711 5731 cau.
739 5662 788 5719 aab
802 5662 937 5719 Sererinut
950 5666 1006 5733 eui-
1055 5676 1145 5720 autem
1160 5665 1301 5722 bodleiana
1315 5668 1408 5724 Graes
1421 5681 1449 5725 et
1462 5674 1556 5727 Latiae
1566 5675 1680 5747 magada.

219 5741 310 5802 mactat
328 5727 488 5787 Cattellanttt
506 5747 539 5788 et
559 5732 754 5789 Donatistarum
770 5744 842 5789 secta
855 5739 1005 5792 recensitus
1091 5735 1137 5793 79.
1154 5738 1326 5794 Ancusensis.
1341 5739 1386 5794 Sia
1399 5739 1479 5797 babet
1491 5753 1604 5814 uterque
1616 5745 1701 5801 codex
1715 5762 1766 5801 nas.
1780 5763 1847 5803 curu

220 5802 271 5864 rat⁹
296 5812 374 5869 quem
395 5816 426 5858 te
439 5803 545 5860 nescire
566 5804 603 5859 ait
622 5803 745 5859 baluzius
758 5803 784 5857 in
798 5813 859 5860 uota
881 5805 913 5860 ad
934 5806 1005 5863 huuc
1054 5807 1145 5863 editis.
1161 5807 1223 5864 llaec
1242 5807 1309 5864 urba
1328 5808 1363 5863 ad
1381 5811 1487 5868 Albulas
1506 5815 1533 5870 ia
1555 5815 1682 5872 botuuini
1701 5815 1847 5873 ltittcrario
