4080 6348
135 378 200 449 ilat
748 369 992 438 bllstbhhltlttt
1010 378 1076 435 urta.
1097 372 1164 435 ιιιι.
1486 362 1491 369 ’
1736 380 1790 451 app

138 501 288 563 cusahitem
307 501 380 570 lore:
396 501 431 569 si,
450 500 578 573 quoniam
593 508 620 556 ta
642 513 770 557 sensuum
791 509 941 555 structura·
952 503 980 566 Δ
993 500 1026 557 iis
1038 499 1159 556 muribus
1172 497 1309 554 trornlnum
1324 514 1386 556 esse
1400 512 1554 558 censuram.
1571 500 1638 557 Nam
1652 511 1681 559 nt
1698 504 1789 564 timidi

138 610 256 667 rumque
285 594 381 651 levitas
406 600 519 664 peterat
538 592 692 660 oliendsrs,
719 593 939 649 membranarum
991 604 1036 650 ms
1050 589 1235 657 temerarium,-
1251 589 1729 665 itaconstantesliberumappellant.
1746 598 1789 654 iu·

139 695 216 743 certe
242 686 358 742 fascibus
383 685 473 743 miuus
492 698 649 741 onerarere,
666 684 833 740 Commendo
858 683 940 755 igitur
993 695 1035 742 ter
1048 700 1109 757 quta
1126 682 1323 756 ipsedecerno,
1346 685 1412 740 satis
1434 686 1505 743 illias
1524 686 1618 758 jacere
1633 703 1789 759 personam,

141 781 236 835 varim
257 778 361 849 judicio
379 784 426 832 tuo
453 777 538 833 nostrl
561 779 681 848 pectoris
702 785 808 843 motus:
829 776 942 835 minime
992 778 1070 849 eujus
1084 785 1253 859 uecesseest
1275 776 1359 832 latere
1377 779 1550 837 sententiam.
1566 778 1607 835 hd
1621 782 1790 850 propositum

139 871 262 941 ignarus,
278 869 349 939 quod
364 871 401 925 ita
417 885 494 926 mens
514 878 604 940 pateat
619 871 645 925 in
662 870 741 937 libro,
758 879 771 908 t
787 868 943 927 velutirul·
993 870 1086 928 redeo.
1104 871 1248 928 inteream
1263 871 1393 941 sinnida
1411 870 1534 928 lectionis
1551 886 1637 930 saure
1649 875 1792 930 contiuua·

139 971 187 1018 tns
199 964 227 1018 in
241 960 360 1033 speculo.
377 960 478 1017 [lictori
492 963 563 1017 enirn
580 946 870 1033 quaepiam'hurtando,
886 963 944 1018 lau·
996 963 1070 1021 dous
1082 964 1212 1034 respiras,
1230 962 1272 1020 his
1286 963 1378 1020 licebit
1392 964 1488 1021 oeulis
1501 979 1625 1022 avocere.
1641 965 1697 1023 Neu
1711 965 1792 1025 tamer

138 1057 235 1112 dando
257 1054 383 1126 plurima,
402 1054 490 1126 aliqua
514 1055 663 1126 madrarim
688 1055 828 1114 moerendo
846 1072 942 1129 pascua
997 1058 1122 1124 maruha
1137 1067 1168 1113 us
1187 1057 1330 1124 immensa,
1351 1056 1506 1114 herilium:
1522 1058 1585 1128 quia
1597 1072 1658 1114 cram
1678 1058 1792 1131 singulus

137 1145 313 1220 iocandoque
325 1148 463 1205 nourrulla.
480 1149 513 1203 lit
525 1148 549 1203 si
562 1162 606 1204 me
619 1148 726 1221 uspiam
746 1149 900 1206 lectitavisti
915 1151 943 1206 in
997 1160 1085 1207 cansa
1097 1149 1211 1220 siugulis
1222 1148 1308 1206 lethus
1320 1148 1444 1220 epistolis
1454 1148 1593 1217 dulantur,
1607 1151 1663 1206 cito
1677 1151 1792 1223 cognitis

140 1240 252 1310 aliquos
277 1240 497 1307 concitatiorem,
523 1240 603 1315 211
630 1243 717 1309 scias,
743 1242 817 1307 volo,
842 1241 943 1299 Christi
994 1243 1022 1299 ln
1033 1240 1208 1314 nummulum
1221 1239 1379 1309 intenderis,
1391 1250 1454 1299 ante
1466 1242 1558 1313 legere
1574 1241 1693 1300 cumbis
1710 1256 1792 1314 quant
1899 1271 1906 1282 ·

139 1333 256 1389 dextera
270 1332 429 1403 opitulante,
447 1347 490 1389 me
506 1340 644 1405 nunqnam
659 1334 838 1392 tuleratmum
860 1334 960 1391 arinul-
998 1332 1124 1391 lecturire
1132 1332 1258 1391 imbuas.
1270 1330 1345 1390 Vale.

138 1425 312 1491 serritutem,
326 1424 571 1495 compertissimum
585 1433 681 1483 mneos
693 1426 849 1499 bipartitam
860 1441 943 1498 super

184 1548 434 1649 isthneesthittud
449 1526 604 1625 Democriti,
622 1532 712 1643 i'stio
727 1552 781 1633 soie
796 1552 942 1649 riednrpora
997 1557 1127 1631 pliniana
1151 1544 1292 1637 Speculum
1311 1552 1545 1639 castrehantam
1564 1554 1638 1611 betha
1659 1556 1734 1626 iudi,
1754 1554 1794 1615 ali

140 1626 156 1688 ὅ
172 1628 218 1693 τῆς
232 1626 326 1703 ὅψεως,
342 1632 366 1686 ἒν
380 1626 406 1687 δῖ
419 1638 478 1692 ταῖς
492 1629 600 1703 ὁμιλίαις
613 1630 626 1686 ὅ
642 1640 689 1693 τῆς
703 1628 794 1703 pazis
806 1630 944 1707 χαρᾱκτὴρ
999 1628 1176 1685 Chshlddolus
1189 1628 1305 1684 Solidior
1316 1627 1362 1682 llll.
1379 1643 1405 1682 vt
1419 1628 1513 1682 Varini
1524 1629 1551 1683 9.

632 1855 876 1965 hlrtfflt
920 1855 1312 1964 oul'ultttio‘.

341 1994 420 2092 ᾗῇ
439 2012 604 2074 haustula
624 1998 742 2075 littori.
955 2034 980 2096 B
994 2011 1066 2073 r'num
1077 2010 1110 2073 ii
1126 2012 1202 2074 hisce
1216 2014 1389 2076 incurrendum
1400 2018 1452 2090 esi,
1466 2030 1513 2079 aut
1524 2018 1571 2095 'p'u'i
1581 2026 1670 2085 omnia
1684 2020 1794 2087 bmiilu'o

184 2196 198 2211 Π
302 2134 429 2209 Sidonios
446 2131 655 2190 tPetrorrs'oarto
670 2135 790 2190 saluum.
998 2102 1245 2165 ἡοῃῑῑθθὸῥθῃωω·
1259 2108 1333 2166 We·
1736 2152 1740 2160 “

182 2227 223 2283 Tu
237 2205 346 2297 quidem
359 2212 494 2297 pulchre:
509 2240 569 2282 mus
588 2226 632 2283 hic
647 2235 727 2293 tuus,
742 2206 769 2283 εἰ
790 2240 945 2299 persevera,
1285 2192 1451 2262 mmm
1473 2196 1504 2264 ¹¹·

145 2318 188 2375 vir
194 2318 316 2391 omnium
328 2305 512 2389 bonorumqui
520 2302 624 2387 uspiau'r
636 2318 747 2389 degunt,
758 2318 837 2391 laude
845 2319 946 2401 dignis·
1006 2370 1010 2376 .
1036 2386 1040 2393 ,
1164 2292 1313 2354 S3⁶⁰⁸¹⁹¹⁸⁸¹³
1329 2284 1428 2354 ῙΜΜῙ
1440 2316 1487 2356 ⁸¹⁸⁰
1501 2296 1622 2358 “istum

146 2413 229 2489 sime,
244 2411 313 2483 quod
324 2398 474 2467 ami'cu'rum
489 2410 592 2482 gloriae,
607 2410 693 2466 sicubi
707 2411 793 2477 locus,
809 2412 946 2469 lenocina-
1031 2412 1141 2471 Credidi
1153 2429 1207 2483 me,
1223 2414 1264 2469 mr
1278 2404 1453 2485 peritissime,
1474 2415 1550 2473 nelas
1564 2418 1592 2474 ln
1612 2418 1702 2475 studia
1716 2434 1794 2477 cum·

146 2502 197 2569 ri's.
211 2494 278 2567 ilinc
289 2519 335 2579 est
346 2508 420 2581 guod
435 2508 630 2577 etiamscrinia
645 2511 765 2566 Arverna
780 2510 848 2581 petis
865 2525 946 2566 eren·
996 2496 1115 2585 mittere,
1130 2508 1154 2564 si
1166 2508 1332 2565 distulissem
1348 2511 1475 2581 prosequi
1497 2511 1619 2568 laudibus
1636 2514 1707 2583 quod
1723 2514 1791 2571 abu·

146 2604 219 2661 hilari
231 2622 239 2657 z
251 2604 295 2659 cni
310 2602 437 2659 sulficere
455 2600 668 2670 suspicabamur,
683 2602 707 2656 si
728 2602 791 2672 quid
805 2588 945 2671 superiore
996 2602 1046 2659 leri
1062 2586 1089 2677 'tu
1109 2603 1214 2659 litteras
1229 2601 1371 2670 distulisti;
1387 2596 1501 2676 quarum
1520 2605 1718 2676 quodammodo
1737 2607 1795 2683 jan

144 2699 255 2768 rulgam
277 2696 495 2768 protulissemus.
515 2694 607 2765 ltaque
633 2708 737 2750 morem
755 2709 882 2765 geremus
903 2694 947 2751 in·
996 2686 1165 2768 sepultarum
1184 2696 1343 2765 suscitatur,
1356 2694 1456 2764 fautor,
1475 2708 1606 2766 assertor,
1622 2700 1795 2756 concelebra-

145 2796 256 2869 1uuctis,
282 2793 415 2861 actionem
440 2805 527 2850 tamen
547 2795 609 2866 styli
629 2803 741 2849 eatenus
765 2791 945 2863 prorogaturi,
996 2772 1050 2857 ris3
1071 2798 1153 2860 teque
1173 2787 1335 2861 perGallias
1349 2806 1403 2846 unu
1425 2791 1554 2862 magistro
1567 2792 1650 2866 212
1669 2793 1719 2849 snb
1743 2793 1796 2865 hae

145 2889 229 2962 213
241 2896 271 2944 ut
288 2887 462 2958 epistolarum
486 2870 596 2951 seriem,
618 2885 744 2941 nimirum
765 2900 780 2940 a
797 2883 946 2954 primordio
997 2890 1156 2953 tempestate
1170 2881 1303 2939 bellorum
1327 2882 1422 2940 Latina
1442 2893 1589 2941 tenuerunt
1607 2900 1656 2943 ora
1675 2897 1795 2956 matuta,

146 2980 291 3038 rulrrmiuis
308 2978 506 3047 inchoatarum,
522 2980 548 3033 in
561 2977 664 3033 extimo
687 2978 740 3033 line
760 2975 835 3047 parvi
857 2975 946 3031 adbuc
996 2988 1058 3032 caru
1071 2975 1234 3046 pertulerint
1246 2990 1320 3032 arma
1336 2974 1521 3049 nauiragium.
1542 2976 1647 3034 Debent
1660 2978 1739 3051 igitur
1753 2980 1796 3037 uel

146 3075 252 3130 numeri
270 3086 373 3127 summa
389 3070 540 3142 protendat,
555 3085 623 3140 opus
643 3068 767 3124 uidelicet
786 3067 944 3138 explicitum
997 3067 1121 3155 urgueri,
1135 3067 1176 3124 rel
1198 3068 1299 3138 posteri
1320 3068 1416 3135 nostri,
1433 3068 1610 3126 uuisersatim
1630 3056 1795 3129 icruentl'bm

148 3164 264 3236 quodam
275 3164 351 3236 qrrasi
361 3162 487 3233 marginis
499 3162 540 3217 sui
550 3160 632 3216 limbo
642 3158 876 3243 coronatorem
887 3159 945 3229 plus
997 3159 1069 3215 rotis
1083 3160 1198 3215 alterum
1214 3168 1241 3215 te
1259 3168 1288 3217 ut
1303 3159 1525 3231 Demosthenem,
1547 3164 1661 3221 alterum
1680 3173 1710 3221 ut
1732 3165 1797 3223 Tul·

150 3257 350 3313 sarendumest
363 3269 466 3311 neaera
479 3253 646 3324 parapterjam
657 3251 789 3322 propalati
801 3261 945 3324 augmenta
997 3251 1073 3321 lium,
1088 3267 1160 3309 aune
1174 3253 1282 3322 statuis,
1301 3254 1324 3308 si
1346 3253 1438 3322 liceat,
1453 3269 1626 3325 consecrare,
1642 3272 1714 3313 nuria
1731 3258 1797 3313 ima-

149 3348 310 3413 uoluminis,
333 3347 360 3402 in
384 3346 488 3416 aliquus
508 3344 620 3403 forsitan
643 3343 791 3400 incidamus
810 3345 946 3415 vitupero·
997 3350 1123 3419 pinibus:
1139 3350 1185 3421 qui
1196 3360 1223 3406 to
1235 3350 1348 3407 docente
1363 3350 1469 3407 formati
1487 3351 1656 3425 institutique
1667 3352 1723 3423 jam
1736 3354 1798 3410 sinu

147 3454 207 3508 nes,
224 3454 338 3510 quorum
361 3437 456 3510 lugere
470 3438 577 3508 linguas
591 3449 652 3492 cote
671 3434 764 3513 litoris
785 3435 945 3529 staturalitus
960 3424 984 3488 C
1000 3441 1028 3507 jn
1046 3440 1135 3497 medio
1146 3442 1184 3497 ste
1200 3442 1287 3513 gentis
1307 3442 1425 3509 invicem,
1440 3443 1513 3521 qnod
1528 3452 1619 3501 tamen
1632 3445 1738 3510 stipam,
1753 3454 1797 3501 aa.

148 3534 325 3599 acuminatas,
344 3547 395 3588 trec
411 3529 600 3587 Demosthenis
614 3529 735 3605 quidem,
756 3528 947 3596 Ciceronisque
994 3531 1063 3603 ¹lium
1079 3541 1246 3588 vetustorum
1262 3531 1336 3601 signa
1351 3531 1517 3588 retinebunt.
1535 3531 1601 3590 Nam
1615 3533 1672 3604 jam
1685 3534 1798 3593 retriutis

148 3625 290 3681 sententiae
299 3612 432 3689 artifices,
443 3631 471 3679 ct
481 3622 587 3694 eloquia
602 3620 674 3677 labra
688 3627 801 3693 potuere
812 3640 820 3676 r
833 3608 946 3691 quorum
997 3625 1126 3695 gradibus
1140 3623 1312 3695 dignitatum,
1326 3640 1374 3695 per
1388 3640 1455 3695 quas
1467 3624 1573 3681 solebat
1589 3626 1683 3682 ultimo
1697 3642 1712 3680 a
1726 3643 1796 3697 quo.

149 3719 271 3775 anterior
286 3728 379 3773 orator
393 3715 675 3784 Demadern,‚citeriur
690 3714 836 3769 homnium
853 3713 949 3767 tolcm·
998 3730 1050 3786 que
1070 3731 1192 3771 summus
1211 3715 1325 3786 quisque
1347 3714 1475 3781 discerni,
1498 3715 1587 3785 sulum
1610 3716 1662 3771 erit
1684 3717 1797 3788 posthae

149 3828 213 3869 rere
222 3812 415 3882 derogatores:
431 3810 477 3881 qui
489 3808 563 3864 liridi
579 3824 639 3864 cum
654 3808 755 3864 luerint
769 3806 881 3862 malitiae
892 3806 949 3861 cla·
999 3807 1147 3864 nobilitatis
1168 3803 1296 3861 indicium
1318 3806 1421 3863 litteras
1444 3820 1536 3862 nasse.
1556 3805 1610 3864 iios
1623 3821 1699 3875 veru,
1715 3819 1797 3863 caetc·

150 3917 199 3973 rm,
215 3902 480 3967 dictionisubscurae,
494 3910 583 3957 tamen
595 3900 627 3954 ad
641 3899 764 3955 notitiam
774 3907 945 3969 posterorum
1000 3914 1056 3967 ros,
1081 3914 1163 3970 supra
1189 3896 1320 3953 doctrinas
1347 3907 1401 3953 tuae
1432 3896 1563 3953 lteuelrcia
1590 3897 1807 3977 ιοιιιιιὶιιειιιιιει

150 4010 200 4068 per
224 3995 286 4051 odia
305 3996 431 4050 virtutum
455 3993 640 4048 decurrerunt.
665 3986 718 4048 Sed
733 3990 797 4062 qum
819 3988 945 4056 hortaris,
999 3990 1096 4063 quihus
1110 3989 1213 4060 aliquid
1227 3989 1348 4045 scribere
1362 3989 1487 4057 assuetis,
1499 3982 1626 4059 quodque
1637 3988 1743 4044 verituri
1757 3989 1797 4045 le·

149 4089 273 4159 repetitis
285 4086 407 4143 laxemus
421 4086 479 4141 sela
494 4086 659 4141 turbinibus:
672 4093 700 4139 et
714 4084 759 4153 qui
770 4083 850 4138 veluti
862 4083 945 4138 maria
999 4096 1063 4154 gere
1078 4080 1181 4153 possint
1194 4079 1404 4149 elaborantibus,
1419 4082 1514 4136 saltem
1532 4080 1566 4136 de
1581 4090 1626 4137 tua
1639 4080 1733 4137 schola
1747 4096 1795 4138 sear

1587 1748 1592 1757 r
1638 1742 1664 1753 Ἰ
1706 1744 1782 1763 ·Ι.ι

150 4179 359 4243 transmisimus,
370 4178 422 4234 laus
431 4179 507 4248 quasi
521 4189 644 4249 stagnum
657 4164 871 4251 pernavigemus.
881 4173 946 4230 Nam
1000 4160 1794 4247 magisterio,competenslecturumturbaprorenietlale.
1907 4228 1915 4247 ,

150 4272 591 4339 satishabeodeliberatum,sicut
603 4267 782 4324 adhibendum
794 4266 948 4324 inconscri-
1185 4338 1190 4351 .
1282 4260 1449 4322 bristout
1471 4264 1517 4320 lli.
1546 4320 1550 4329 ,

150 4369 242 4439 ptioue
258 4367 436 4437 diligentiam,
450 4366 485 4420 ita
498 4364 640 4422 tenendam
651 4363 678 4419 in
690 4363 810 4418 editione
824 4370 950 4418 constan·
1181 4358 1306 4417 Sidonius
1322 4369 1334 4398 ι
1348 4358 1428 4415 hrorti
1437 4373 1485 4414 rau
1496 4356 1615 4414 solarem.

150 4459 227 4517 dan.
240 4460 423 4517 bemamrero
432 4457 548 4514 medium
557 4457 622 4513 nibil
633 4455 865 4527 ertmampreaat
874 4453 951 4512 miul-
1039 4451 1174 4524 spolianti
1189 4449 1378 4524 Pythaghorici
1393 4446 1487 4518 rllam,
1502 4458 1557 4506 hora
1571 4457 1605 4504 nt
1616 4446 1796 4506 Nicomachus

187 4599 218 4670 8
257 4595 349 4651 ιιιιιι
368 4595 479 4660 illustri,
500 4591 686 4648 Arelatensis
723 4600 777 4657 ato,
799 4599 828 4645 ut
846 4589 947 4649 dietum
1001 4558 1434 4669 operas'testiuruniainantinuis
1448 4590 1573 4637 aeterum
1594 4588 1796 4663 auctoramus·

33 4702 35 4705 ·
150 4678 195 4727 cst
210 4600 245 4722 a}
257 4668 337 4737 epist.
349 4667 375 4732 l,
392 4666 438 4722 lib.
455 4681 483 4722 r.
499 4664 668 4734 biusrogatu
687 4604 757 4718 fiber
771 4662 816 4718 hic
830 4667 890 4731 pust
902 4675 948 4715 su·
1000 4654 1106 4713 ducrhus
1132 4656 1210 4711 uhvra
1229 4662 1294 4709 sunt
1306 4652 1467 4736 :selinguod
1488 4651 1521 4707 ad
1539 4661 1727 4733 cooperturam
1746 4667 1797 4708 no·

153 4739 279 4812 periorcs
289 4737 376 4794 editus
388 4747 440 4793 est.
999 4738 1083 4787 stram
1107 4725 1274 4787 innantium,
1291 4724 1449 4795 Srdonrrque
1462 4723 1551 4779 locum
1572 4722 1661 4777 iacere
1674 4720 1791 4788 sudetur,

189 4808 338 4878 abacturi,
354 4820 382 4864 ιι
394 4808 511 4872 ridetur,
532 4803 708 4876 grammatico
728 4803 755 4857 in
777 4801 866 4872 aliqua
881 4802 947 4857 urbe
1000 4799 1230 4869 plurimaeastant
1244 4794 1277 4850 T.
1297 4793 1365 4850 Liuii
1383 4794 1563 4863 exemplaria,
1586 4793 1613 4848 in
1633 4793 1795 4874 quibuslibi-

151 4882 266 4939 Galliae:
285 4878 372 4950 qualis
385 4888 413 4936 et
426 4879 569 4942 Eusebius,
583 4875 631 4932 sed
649 4872 826 4944 philosophiae
845 4871 947 4940 proies·
998 4867 1157 4925 comachum
1172 4875 1200 4921 et
1214 4865 1396 4921 victorianum
1407 4864 1531 4947 eumdem
1545 4862 1793 4945 merainimus

152 4952 274 5034 rantib.
288 4966 327 5019 m,
342 4952 422 5033 epist.
438 4950 462 5016 l,
474 4960 503 5005 et
515 4947 684 5018 Lampridius
698 4944 792 5001 rhetor
809 4943 945 5013 liurdega·
958 5003 985 5063 D
998 4938 1174 5065 {impetendivmcc
1180 4936 1337 5062 amm?
1345 4932 1796 5063 ἇιιὰιιιιιῶἱιιηιιιινιωιζιειειιὲιὶιῖιᾶι

154 5020 580 5162 1ωἶωέιιιιξᾶἱΙκιόἓῗιὶειεὀἱιιξίιίιιίο
594 5106 601 5144 :
615 5088 650 5144 de
669 5102 723 5157 quo
744 5086 779 5142 ad
800 5085 879 5154 epist.
900 5084 946 5149 ii,
999 5027 1256 5204 mffifmneahgrte
1269 5078 1383 5160 condita.
1400 5020 1612 5160 Vietmo'ricnu'rmi.
1630 5073 1660 5130 C.
1671 5077 1796 5200 ιιιφῖῗ.

152 5165 205 5221 lib.
230 5180 272 5230 rr,
291 5164 436 5219 i‘ctieratis
456 5181 471 5216 a
489 5162 600 5218 Sidonio
618 5158 735 5216 exscribi
756 5156 807 5213 sibi
822 5155 946 5211 volumen
1001 5154 1058 5223 hcm
1070 5152 1180 5235 cionrnrr⁷
1210 5148 1353 5231 ymnaaclus
1366 5164 1375 5202 .·
1386 5157 1414 5203 et
1428 5152 1481 5203 atto
1496 5147 1566 5213 loeo,
1582 5144 1725 5271 l'bmcudnor

153 5236 312 5291 Philostrati
323 5236 357 5291 ale
368 5234 422 5289 vita
440 5234 572 5303 hpnrtnnii
586 5231 697 5302 Tyutrei.
715 5229 795 5285 ttnm
808 5225 945 5289 Sidonius,
1000 5224 1136 5279 camoenae
1158 5218 1297 5302 dioscurus
1313 5218 1346 5275 l'.
1371 5218 1401 5274 C.
1415 5220 1549 5302 praefectur
1563 5235 1595 5271 ur
1612 5232 1618 5269 r
1638 5218 1708 5289 apud
1723 5216 1797 5272 Hera·

153 5307 290 5377 simulque
312 5306 413 5362 indicat
433 5307 503 5360 unde
521 5305 687 5372 exscriptum
709 5303 744 5356 sit
760 5319 766 5354 :
781 5298 911 5355 nimirum
931 5314 947 5351 e
999 5311 1071 5362 num,
1086 5294 1117 5348 alr
1130 5290 1198 5347 Urbe
1220 5291 1335 5373 condus.
1353 5289 1519 5373 V¹F‘.⁰'¹⁰'¹⁸¹.⁸
1535 5288 1568 5342 V.
1580 5288 1610 5343 C.
1626 5289 1796 5372 quamdudum

153 5378 250 5434 codice
262 5392 342 5446 quem
355 5377 524 5432 Victorianus
534 5382 711 5444 recoguorat:
727 5383 754 5428 et
769 5370 821 5426 hos
832 5369 946 5437 amplius
1001 5366 1100 5421 domnis
1114 5364 1290 5435 Sprrrmathss.
1305 5362 1363 5416 lluu
1386 5371 1467 5432 rgrtur
1482 5362 1638 5442 Nrcornncln
1652 5376 1712 5415 cum
1728 5358 1796 5412 lulu-

153 5448 241 5513 addit,
252 5449 435 5504 victorianum
449 5463 465 5502 e
479 5445 633 5502 liicoarrachi
643 5442 802 5514 antigrapho
814 5451 841 5498 et
852 5452 946 5497 umen·
999 5446 1069 5499 sent,
1082 5436 1144 5490 ideo
1155 5433 1270 5488 luctasse
1283 5432 1421 5515 Sidonius,
1439 5448 1471 5488 ue
1483 5432 1582 5500 ambigi
1595 5440 1697 5499 possut,
1708 5440 1797 5510 serato

153 5520 277 5585 datione,
298 5519 529 5587 Nicomachnma
553 5516 707 5572 Philostrati
721 5515 804 5584 ipsius
818 5521 947 5580 autogra-
1000 5508 1037 5564 ris
1052 5515 1144 5562 nutam
1155 5503 1263 5574 adjecit.
1280 5504 1449 5587 leptorlanus
1461 5514 1551 5559 autern
1563 5516 1612 5571 pro
1625 5502 1795 5579 Symmachus

154 5591 212 5663 phu
237 5590 425 5660 exscripsisse.
448 5588 624 5644 Nicomachus
646 5600 712 5656 ergu
730 5594 758 5641 et
779 5584 947 5640 Victorianus
1000 5578 1105 5635 Liuium
1119 5574 1288 5642 emendarat,
1300 5583 1329 5631 ut
1341 5574 1467 5632 Srdunrus
1483 5586 1531 5643 pro
1544 5575 1634 5627 Lauare
1649 5570 1796 5624 Pbrmstra-

153 5661 269 5719 uomina
282 5672 354 5727 sunt,
370 5658 628 5728 nouauctorumqui
640 5652 948 5726 Apolloniiiiramscri·
1003 5657 1059 5707 tum
1079 5648 1132 5705 hue
1146 5647 1218 5714 loco,
1237 5656 1329 5715 etpru
1348 5646 1456 5703 lturlcio
1477 5640 1689 5728 heptateuchum
1708 5640 1755 5695 lab.
1768 5656 1796 5709 o,

156 5734 265 5807 psertnt
292 5748 381 5805 oeque
393 5733 543 5788 scribarum
557 5728 779 5799 antiquariorum,
795 5724 843 5781 sed
856 5724 948 5780 elaris·
1001 5720 1080 5776 eist.
1099 5718 1145 5786 ld,
1167 5726 1196 5800 et
1211 5716 1245 5787 Q.
1267 5718 1446 5801 Symmachus
1468 5717 1574 5772 brutum
1597 5710 1725 5794 eumdem
1748 5728 1797 5796 pro

156 5774 289 5864 tiutodtt'n
297 5805 427 5869 uirorum,
438 5803 483 5873 qui
493 5801 528 5856 ah
540 5799 699 5868 antiquariis
708 5797 837 5853 mendose
848 5795 947 5863 scripta
1028 5788 1150 5874 alatiano
1170 5788 1219 5873 lib.
1243 5805 1281 5855 ra,
1302 5798 1382 5858 epist.
1406 5788 1448 5842 lt.
1472 5785 1580 5869 Mauris,
1601 5791 1797 5868 ¹¹¹(l¹¹¹²3‚²⁰⁶¹²!⁸

154 5888 207 5948 ter
225 5879 311 5935 otium
331 5883 361 5934 et
378 5874 461 5933 animi
482 5872 567 5943 gratis
590 5868 767 5940 castigabant.
791 5864 950 5938 Cuiusruoli
1004 5860 1105 5921 tinam
1129 5876 1212 5932 operar
1233 5860 1303 5931 guod
1317 5858 1459 5929 spopondi,
1483 5865 1560 5913 etmm
1581 5868 1652 5913 natu
1665 5854 1799 5923 drlaeemm
