3996 6344
1018 183 1022 192 ,
1037 174 1100 189 μανι

241 219 302 363 irs
725 292 732 312 ⁸
895 278 1054 352 ,viatoris
1072 277 1227 339 illlilisis
1391 269 1396 299 ¹
1454 275 1456 279 ’
1496 300 1499 305 »
1567 289 1569 292 <
1629 288 1637 308 r
1814 278 1863 340 ,Μ

241 418 315 476 buit.
334 413 378 471 Sic
391 418 432 468 ert
444 409 494 465 boe
506 401 638 477 quomodo
651 400 675 457 si
688 398 793 456 dicatur
811 395 923 464 turstini,
938 405 969 452 ut
985 411 1032 468 per
1048 399 1186 467 Aquamo
1207 391 1291 465 magis
1305 387 1455 448 communis
1476 400 1569 447 mensa
1581 388 1700 464 ciborum
1722 390 1815 461 poterit
1826 392 1863 451 iu·

249 521 312 564 aera
327 506 426 561 lerator
438 510 466 556 et
478 497 582 562 volitet,
596 488 667 565 qnod
690 491 773 545 moris
786 503 839 545 non
854 496 895 544 est
910 491 1033 545 tramanas
1087 485 1214 557 quinaro,
1237 497 1298 540 cum
1321 481 1393 538 dieat
1416 481 1487 538 idem
1511 479 1649 552 apostolus
1664 498 1671 534 :
1686 494 1745 541 ιιιιιι
1763 483 1863 543 aarum

249 607 362 654 naturae.
385 590 443 648 Dixi
456 588 540 654 enim,
565 585 588 642 si
608 590 727 640 nostram
743 581 834 649 ludam,
849 595 908 651 quae
928 596 981 637 una
1007 588 1036 636 et
1087 577 1235 633 ncocttmm
1251 573 1351 630 babere
1361 587 1537 630 communem·
1548 570 1575 642 (l
1588 571 1649 629 Cor.
1663 589 1690 638 r,
1705 572 1767 641 llil

249 702 312 744 rera
325 685 392 741 ildes
413 688 470 747 est,
493 685 612 749 potestas
636 675 708 746 regis
720 687 868 745 agnoscere
887 672 1034 741 desiderat,
1123 668 1205 724 xvii.
1227 666 1321 738 lugens
1345 665 1509 722 miraculum.
1524 693 1559 706 -
1576 663 1630 722 Sed
1650 678 1710 721 cum
1733 663 1799 735 ignis
1813 665 1862 737 jam

248 779 337 836 mittat
358 772 392 829 ad
418 771 519 826 amieos
541 782 606 825 suos
621 782 629 823 a
644 765 759 822 scribam
788 775 815 820 ct
837 778 887 836 ego
910 763 1036 820 iratribus
1089 758 1284 832 persecutionis
1306 753 1514 823 accenderetur,
1540 762 1568 820 ιι
1593 753 1701 811 flamm
1724 752 1863 813 inlataatit

247 868 325 934 meis,
340 872 370 921 ut
382 863 490 920 veniant
502 858 654 930 coepiscopi
668 856 733 924 mei,
746 856 793 927 qui
808 854 885 911 robis
897 855 1035 910 uobiscum
1088 852 1186 923 ubique
1198 848 1269 921 regis
1281 848 1404 917 arderet,¹
1422 846 1540 904 ostendit
1550 846 1622 904 lions
1635 853 1728 903 nomer
1740 846 1863 917 qratiam

247 973 416 1020 communem
430 956 510 1013 iidem
526 961 644 1010 nostram
663 950 773 1007 ualeant
792 949 988 1013 demonstrare,
1009 956 1037 1003 ct
1088 943 1245 999 miraculum
1273 956 1322 1010 per
1343 954 1451 997 serrum
1474 954 1552 996 suum
1584 939 1691 995 lidelom
1715 937 1863 1008 armatam,

244 1053 381 1127 praecipue
393 1049 514 1107 Ecclesia
526 1046 728 1114 Romanaque
742 1050 755 1078 ι
768 1050 848 1110 eaput
860 1049 901 1095 est
917 1041 1037 1095 omnium
1087 1035 1159 1107 quod
1183 1034 1322 1105 praeterire
1343 1047 1396 1089 aaa
1410 1031 1506 1088 debeo.
1523 1029 1585 1087 rua
1596 1030 1625 1087 in
1644 1029 1741 1087 eadem
1753 1030 1864 1102 ciritatr,

245 1146 439 1204 Ecclesiarum.
456 1140 497 1197 bd
512 1139 570 1195 hae
582 1132 707 1193 cubadus
722 1153 729 1188 ι
745 1135 814 1204 Erga
825 1141 902 1200 tu,ct
912 1132 1037 1188 datuurus
1088 1128 1115 1184 id
1131 1137 1172 1184 est
1186 1125 1356 1196 Cartbagine,
1371 1123 1479 1196 quidam
1491 1140 1579 1181 careas
1597 1123 1699 1181 ciuibus
1721 1124 1865 1196 ciritatiqtto

245 1252 324 1298 meus
337 1251 396 1303 rex,
411 1232 515 1290 similes
529 1229 612 1286 estis?
627 1227 763 1297 Eugenius
784 1224 928 1295 episeopus
947 1224 1035 1278 dixit:
1089 1219 1254 1283 notissimas,
1266 1217 1376 1272 nomiae
1390 1216 1476 1274 Felix.
1492 1217 1541 1273 llic
1566 1216 1690 1273 visitatur
1711 1230 1727 1271 a
1751 1217 1864 1283 domiuo,

245 1331 304 1404 ligo
316 1326 411 1385 similis
424 1324 481 1396 rcgi
504 1337 557 1377 uon
581 1335 655 1385 sum;
670 1318 718 1375 sed
732 1317 786 1374 diri
804 1335 811 1371 ι
826 1316 855 1372 Si
877 1330 968 1371 reram
992 1329 1039 1371 co·
1090 1311 1240 1382 diciturque
1253 1309 1277 1365 ei
1292 1318 1372 1367 nocte
1385 1323 1433 1380 per
1455 1307 1560 1375 risam,
1576 1318 1587 1347 ⁸
1602 1307 1661 1366 dies
1674 1308 1747 1364 enim
1759 1307 1864 1380 Epipba.

245 1435 376 1497 gnoscere
390 1416 525 1476 desiderat
538 1413 634 1478 iidem,
647 1410 748 1467 scribat
766 1408 861 1464 amicis
871 1407 938 1473 suis,
953 1415 983 1462 ιι
995 1406 1038 1463 di·
1090 1403 1195 1460 riorum
1209 1402 1381 1491 illucescebat
1396 1419 1403 1458 a
1419 1401 1520 1472 Surge,
1535 1400 1602 1457 rade
1612 1400 1647 1457 ad
1661 1415 1768 1457 meram
1787 1415 1864 1458 meua

246 1516 335 1589 rigant
356 1520 462 1569 nostros
483 1506 632 1564 catholicos
652 1504 809 1574 episcopos;
835 1511 862 1557 et
886 1514 936 1571 ogo
950 1499 1039 1555 scribo
1091 1495 1241 1567 Eugenium
1255 1495 1422 1581 episcopum,
1435 1501 1463 1549 ιι
1474 1491 1548 1550 dices
1559 1492 1597 1560 ei,
1616 1492 1679 1563 quia
1693 1506 1743 1565 ego
1756 1500 1782 1550 te
1794 1492 1825 1550 ad
1837 1492 1865 1549 il·

247 1604 414 1678 coepiscopis
428 1602 507 1669 meis,
521 1599 583 1670 quia
606 1594 745 1653 castaliae
760 1593 823 1649 lrdei
839 1593 971 1648 uniuersae
986 1606 1037 1647 uua
1091 1588 1144 1642 lum
1165 1587 1259 1643 direti.
1276 1587 1309 1642 Et
1329 1587 1375 1641 illa
1390 1585 1456 1642 itura
1482 1599 1534 1656 qua
1557 1583 1696 1641 benedicet
1715 1583 1821 1650 iontem,
1842 1591 1885 1640 ut*

247 1710 290 1759 cst
303 1713 393 1757 caasa.
405 1696 462 1752 lloc
483 1689 738 1764 agebatssugemue,
760 1701 814 1742 non
827 1687 898 1757 qual
913 1685 1039 1741 deessent
1092 1679 1258 1750 baptizentur
1284 1678 1443 1736 accedentes
1468 1679 1501 1733 ad
1523 1676 1613 1744 iidem,
1628 1678 1765 1750 continget
1785 1678 1867 1737 mutor

246 1794 275 1850 in
290 1790 379 1847 dirica
395 1788 440 1859 qui
454 1773 790 1851 aduersariorum'olqecta
805 1779 975 1844 relellercnt,
991 1777 1038 1835 sod
1053 1766 1077 1827 tt
1092 1779 1168 1838 tuos,
1182 1781 1209 1827 et
1228 1772 1393 1842 aperientur,
1419 1777 1447 1826 et
1467 1769 1571 1826 ridebis
1594 1770 1759 1839 lucumoni
1781 1770 1825 1827 tali
1835 1769 1867 1827 ri·

247 1892 278 1941 ιιι
292 1882 330 1938 illi
341 1882 488 1944 eruissent,
504 1876 551 1948 qai
572 1874 653 1931 alieni
668 1875 701 1928 alr
713 1888 806 1928 eoram
819 1871 969 1937 dominatu,
982 1880 1039 1927 ma-
1091 1865 1167 1920 riune
1188 1864 1378 1932 commonitus,
1393 1869 1540 1935 patrasse,
1562 1861 1698 1934 quomodo
1709 1861 1815 1931 assolet,
1827 1860 1869 1918 de·
1910 1890 1912 1895 .

246 1973 335 2046 iorem
358 1967 481 2024 lldueiam
502 1963 634 2021 libertatis
650 1961 791 2029 baberent,
815 1961 968 2032 pariterque
991 1976 1040 2030 up·
1090 1957 1145 2012 ludi
1161 1971 1208 2028 por
1229 1956 1381 2023 somnium,
1398 1968 1508 2026 surgere
1531 1953 1794 2013 nursiamcasam
1814 1968 1889 2013 ears.

245 2061 396 2141 pressionis
410 2067 510 2114 nostrae
531 2055 680 2113 calumnias
695 2052 830 2110 universis
853 2051 932 2114 terris
945 2060 973 2108 et
992 2066 1039 2121 po·
1091 2050 1187 2105 iterum
1202 2055 1343 2120 urgeretur
1355 2047 1382 2102 in
1396 2061 1537 2115 somnum,
1557 2046 1682 2104 similiter
1695 2056 1727 2104 ιιι
1745 2047 1777 2105 ad
1791 2047 1868 2120 liuga·

247 2156 319 2228 pulis
333 2154 496 2209 nuntiarent.
1090 2144 1163 2199 nium
1179 2153 1311 2214 pergeret,
1325 2140 1628 2213 cotnpellitar.'iiorsua
1637 2140 1766 2213 negligit,
1786 2141 1872 2201 tertia-T

286 2245 354 2302 xvi.
364 2242 398 2298 la
410 2243 539 2315 episcopos
553 2235 750 2294 ruoitla-ille
760 2244 850 2295 antem
861 2235 1040 2307 quinectolrat
1090 2252 1142 2307 que
1164 2234 1320 2297 iestiuantcr
1333 2244 1361 2290 et
1374 2234 1491 2304 graritcr
1513 2235 1678 2305 increpetur.
1693 2233 1797 2291 Excitet
1814 2247 1868 2304 pue

244 2310 344 2403 dolos,
359 2330 452 2389 audire
469 2330 556 2389 noluit
570 2328 722 2396 rationem,
738 2340 820 2398 agens
833 2326 1040 2397 argumentatio·
1091 2345 1151 2385 rum
1170 2328 1215 2399 qui
1239 2329 1264 2384 ci
1288 2326 1383 2382 solitas
1409 2326 1468 2383 erat
1492 2340 1600 2382 uranum
1624 2326 1771 2397 porrigere.
1791 2324 1869 2396 Pergit

248 2428 329 2484 nibus
344 2425 457 2489 crebris,
473 2431 502 2476 ut
516 2434 692 2491 quoscunque
711 2419 898 2488 episcoporum
920 2417 1040 2473 audierat
1090 2422 1175 2479 ueloci
1191 2421 1309 2493 agilitate
1321 2420 1354 2475 ad
1371 2419 1462 2476 Fausti
1474 2419 1626 2486 basilicam
1639 2429 1710 2486 orat,
1724 2428 1752 2477 et
1770 2419 1871 2478 reniam

248 2517 379 2586 eruditos,
389 2514 471 2570 uariis
485 2512 705 2569 insectationibus
713 2511 834 2580 agitaret.
847 2509 905 2565 iam
921 2510 953 2563 ad
968 2509 1040 2565 ersi·
1090 2529 1151 2571 cum
1165 2514 1319 2585 ingentibus
1332 2512 1470 2586 lacrymis,
1495 2511 1613 2583 suggerit
1626 2511 1735 2570 cuidam
1747 2510 1761 2550 ‘¹
1772 2509 1871 2568 subdia·

246 2610 314 2669 iiam
339 2609 353 2649 b
376 2607 538 2664 vibianense
559 2604 678 2661 secundo
706 2604 883 2660 bruttianum
910 2602 1040 2672 impositis
1090 2621 1159 2663 cauo
1175 2606 1280 2662 nomine
1296 2604 1442 2678 Peregrina
1455 2614 1484 2659 ut
1506 2619 1566 2673 ertrn
1585 2604 1712 2676 episcopa
1736 2605 1872 2671 nuntiaret,

250 2710 358 2760 centurn
382 2699 573 2770 quinquaginta
599 2696 714 2752 lustibas
739 2695 848 2750 miserat
873 2695 1037 2765 episcopum,
1091 2698 1212 2755 indicans
1234 2712 1265 2753 se
1288 2697 1386 2753 ltabcre
1409 2696 1517 2767 aliquod
1533 2685 1638 2753 'secreti
1652 2710 1740 2768 gertus
1756 2696 1872 2753 iusim.

253 2798 304 2869 21
320 2807 424 2849 necnon
438 2801 465 2848 et
479 2789 677 2846 Saletaleusem
691 2786 860 2855 Presidium,
879 2786 963 2841 tirum
975 2785 1040 2842 satit
1090 2789 1165 2846 dum.
1189 2788 1309 2846 audiens
1332 2789 1474 2859 episcopus
1497 2787 1579 2858 instit
1601 2786 1740 2845 irentinem
1762 2785 1871 2844 introire.

250 2898 369 2946 acutum.
379 2887 453 2943 Tunc
463 2895 490 2942 ιι
501 2885 667 2941 venerabiles
677 2885 853 2949 llansactum,
866 2883 1038 2952 Germanum,
1079 2881 1148 2937 ‘iam
1159 2872 1230 2938 enim
1242 2881 1277 2937 ob
1286 2880 1468 2936 celebritatem
1480 2873 1643 2944 iesti'ritatis,
1654 2877 1748 2963 hymni
1759 2875 1873 2935 nocturni

249 2978 405 3047 Fusculum,
421 2985 449 3032 ιι
470 2976 569 3032 mrtltos
590 2975 658 3031 alios
673 2973 816 3046 instigavit.
834 2975 900 3029 lium
916 2973 972 3028 ltmc
995 2987 1041 3045 ge·
1091 2989 1139 3046 per
1165 2982 1246 3029 totam
1261 2972 1401 3029 ecclesiam
1419 2970 1647 3041 canentepopalo
1672 2969 1872 3041 concrepabant.

249 3077 357 3137 rantur,
371 3069 485 3138 imperat
495 3077 701 3123 utcumnostru
712 3066 847 3137 religionis
857 3067 921 3122 riris
933 3066 1039 3122 illorum
1091 3063 1194 3121 ludicat
1206 3079 1293 3120 cecus
1308 3062 1417 3120 autistiti
1434 3062 1557 3119 ordinem
1568 3061 1676 3119 visionis
1686 3078 1756 3131 saa,
1766 3062 1874 3133 dicitque

149 3218 153 3225 ,
251 3175 371 3217 mensam
385 3159 475 3214 nullus
493 3172 662 3214 communem
679 3151 806 3227 liaberet,
820 3173 906 3231 ucqae
919 3173 979 3214 eum
993 3145 1076 3217 ιιιῦ
1092 3158 1129 3213 illi
1141 3176 1148 3212 ε
1162 3157 1218 3212 Non
1229 3166 1256 3212 te
1266 3156 1398 3212 dimittam
1410 3155 1461 3211 nisi
1472 3155 1549 3219 milri,
1564 3153 1656 3210 siruta
1667 3153 1784 3211 litamine
1793 3154 1875 3226 ittarta

252 3253 358 3310 tlrolicis
368 3251 482 3306 omniuo
499 3258 683 3306 vescerentur.
698 3250 763 3317 Quae
778 3266 821 3306 res
843 3265 897 3306 nou
910 3250 975 3322 ipsis
989 3253 1040 3310 ali·
1093 3264 1139 3314 es,
1162 3247 1310 3306 reddideris
1324 3247 1418 3304 oeulos
1437 3260 1524 3303 areos.
1539 3244 1587 3302 Cui
1601 3254 1711 3304 sauctus
1726 3248 1874 3320 Eugenius:

253 3330 325 3412 quod
337 3342 643 3415 praestititlteucllcium,
660 3344 708 3399 sed
730 3339 807 3401 uobis
819 3346 963 3401 marimum
974 3363 1041 3404 eon·
1094 3343 1198 3400 Recede
1212 3358 1227 3397 a
1242 3357 1302 3409 nte,
1320 3339 1415 3408 lrater3
1436 3348 1562 3412 peccator
1579 3355 1640 3397 sum
1655 3349 1683 3396 et
1703 3338 1875 3412 indignaqcl

238 3412 437 3490 'talitlucram
450 3432 516 3487 liam
527 3432 550 3486 si
563 3447 653 3488 sermo
664 3448 767 3499 carata,
782 3435 889 3492 dicente
900 3438 1051 3506 apostola,
1093 3450 1174 3506 super
1187 3449 1281 3490 omues
1295 3432 1416 3490 homiues
1429 3432 1601 3504 delinquens,
1615 3441 1645 3488 at
1663 3440 1737 3502 pote,
1749 3442 1778 3489 ct
1790 3432 1832 3505 qai
1851 3430 1876 3488 ia

252 3524 322 3582 sicut
345 3538 442 3580 canccr
466 3523 607 3579 consuerit
629 3539 737 3595 serpere
761 3524 806 3597 (ii
829 3526 898 3583 Tiur.
927 3543 956 3597 ιι,
984 3531 1042 3602 li),
1095 3531 1153 3585 Ιιιιι
1166 3540 1286 3599 tempora
1301 3536 1424 3583 serratus
1436 3524 1507 3582 sumss
1522 3526 1570 3582 llle
1584 3535 1675 3582 autera
1691 3534 1789 3583 tenens
1798 3538 1877 3598 geom

236 3598 240 3620 l

290 3638 363 3696 usic
376 3638 440 3692 olim
460 3637 609 3709 Cyprianus
626 3637 772 3694 itomanam
789 3639 929 3696 Ecclesiam
944 3644 1039 3713 priari-
1094 3645 1229 3699 uadentem
1244 3643 1271 3698 iu
1284 3642 1441 3698 Mauritania
1454 3641 1622 3703 Cmsarieusi.
1635 3641 1784 3698 Praesidius
1796 3651 1878 3724 autent

236 3706 336 3793 'palan
347 3708 507 3778 appellabat,
519 3708 640 3777 epictii
650 3708 714 3763 edit.
724 3712 821 3775 irrora,
831 3712 951 3778 aliosi-i,
980 3730 1040 3771 uem
1093 3715 1137 3771 ltie
1156 3714 1293 3777 laudatus,
1310 3713 1333 3769 is
1357 3714 1415 3784 ipse
1427 3720 1470 3768 est
1482 3713 1528 3784 qai
1541 3712 1639 3768 dicitur
1656 3711 1839 3779 Salmairrair
1852 3728 1876 3768 tn

252 3779 350 3838 raritati
363 3787 424 3834 sunt
436 3779 480 3834 ati
494 3778 611 3833 Alriraui
624 3779 725 3833 Patres.
735 3780 847 3850 Optatus
857 3783 902 3837 lib.
917 3801 935 3839 u
946 3731 1041 3841 aiter·
1092 3786 1190 3841 Notitia
1207 3784 1331 3841 lllricaua
1353 3784 1424 3840 iuter
1438 3783 1578 3852 episcopos
1594 3783 1754 3853 Byzacena,
1775 3784 1842 3841 sicut
1852 3789 1879 3866 ct

251 3865 300 3907 stas
316 3850 538 3913 Parmenianum,
556 3848 719 3918 Augustinus
734 3851 842 3920 passim,
857 3861 885 3907 ot
902 3856 956 3909 ali.
976 3855 1040 3912 Vide
1094 3856 1241 3911 llauraetae
1259 3854 1431 3925 Alaieuienair
1452 3860 1480 3909 ct
1504 3851 1646 3908 Gauianus
1662 3852 1878 3937 lfaraciomieartr,

251 3920 399 3979 ilabillonii
419 3920 503 3976 trostri
525 3920 708 3986 prelationem
724 3920 750 3975 iu
766 3922 911 3993 liturgiam
926 3924 1040 3980 Gallica·
1092 3928 1119 3981 iu
1130 3927 1223 3983 cadem
1235 3926 1382 3992 prouincia.
1393 3927 1427 3980 nt
1442 3922 1583 3978 Ferculum
1598 3937 1716 3994 reperere
1731 3940 1786 3980 nan
1800 3924 1878 3990 Ιιιιιι,

250 4006 325 4047 natta.
341 3990 472 4046 Caeterum
488 3989 571 4046 lulius
589 4005 655 4060 papa
670 3990 697 4045 iu
712 3993 824 4060 epistula
839 3992 872 4047 ιιι
888 3994 1039 4053 Oricutalcs
1092 3998 1143 4053 uisi
1156 3997 1313 4053 lurtclucrit
1323 3994 1450 4051 Filtiorar
1462 3994 1647 4064 apparituram,
1657 3993 1788 4051 lneadcm
1802 3996 1879 4068 byra-

251 4062 393 4133 cpiscopos
406 4063 617 4131 conqueriturse
632 4061 666 4115 ab
678 4060 710 4115 iis
721 4061 754 4115 ιιι
770 4064 1038 4121 eurrciliumadvaea·
1093 4084 1159 4123 eona
1181 4068 1318 4137 provincia
1341 4072 1516 4122 memoratus.
1538 4063 1618 4120 Certe
1639 4079 1688 4135 pro
1704 4063 1833 4123 Faaealar
1854 4065 1879 4122 itt

252 4142 309 4189 tutu
322 4147 375 4186 nou
390 4133 482 4185 luisse.
495 4130 561 4186 llido
577 4131 720 4187 Soromeu.
735 4132 781 4186 lib.
798 4149 826 4188 ιιι
847 4134 914 4189 llist.
929 4138 1036 4204 eccles,
1095 4136 1207 4195 lisuartli
1222 4139 1388 4207 arttugrapim
1405 4136 1519 4192 ltabstur
1533 4133 1668 4193 Fulmina.

251 4216 312 4270 cap.
327 4200 370 4256 lo.
385 4201 576 4268 rutgouttmat
589 4200 679 4255 careri
691 4201 807 4272 episcopi
820 4206 925 4261 ersrtles
939 4209 964 4260 iu
977 4209 1040 4261 Sar·
1130 4210 1181 4263 tlu
1196 4209 1271 4263 Colla.
1290 4208 1315 4271 l,
1332 4220 1461 4261 annorum
1478 4204 1586 4262 circitor
1598 4205 1661 4272 800,
1677 4206 1775 4266 eadem
1798 4222 1874 4263 ntanu

252 4269 464 4337 uiuraemuda
479 4270 512 4323 lli
527 4270 561 4323 ad
574 4269 716 4325 Venerium
731 4280 759 4326 et
776 4274 916 4341 ioannem,
930 4276 1041 4331 laudaut
1093 4293 1146 4345 quo
1162 4288 1248 4333 textus
1263 4278 1320 4347 ipre
1334 4277 1515 4345 scriptumest
1528 4275 1555 4330 in
1571 4278 1711 4348 margine:
1727 4277 1801 4333 Nato
1815 4278 1879 4349 qaod

252 4339 403 4395 lturmtsdm
414 4340 545 4411 poptilieis
567 4338 679 4394 llamaui
695 4342 786 4404 rerba,
803 4354 831 4397 ut
845 4345 987 4401 ostendant
1006 4348 1040 4400 tle
1092 4350 1119 4402 ia
1130 4349 1172 4401 die
1186 4363 1261 4401 sacro
1286 4346 1491 4414 liuipltanioranr
1509 4348 1581 4410 apati
1604 4349 1723 4418 atrtiquor
1741 4348 1880 4418 baptismat

252 4407 337 4476 gratia
362 4409 485 4462 omuibus
511 4422 571 4462 csse
599 4410 755 4475 tenentium,
777 4414 840 4481 qaid
858 4414 984 4482 llotuauu,
1001 4417 1039 4470 ia·

252 4478 358 4548 quiunt,
374 4477 401 4531 itl
416 4487 463 4542 ert,
476 4478 814 4535 eutiralicaretatitctaereat
827 4482 951 4538 Ecclesia.
1052 4459 1080 4521 D
1092 4495 1204 4556 exrema
1229 4486 1279 4541 itae
1302 4484 1407 4552 vocula,
1429 4497 1501 4543 nota.
1526 4488 1600 4543 lianc
1623 4503 1687 4545 rere
1709 4488 1880 4546 consuetudi·

1094 4421 1173 4485 ieret,
1187 4417 1259 4472 ldcm
1276 4416 1356 4471 babet
1370 4419 1396 4472 iu
1418 4417 1528 4487 capitali
1552 4415 1630 4472 titulo
1645 4418 1726 4474 editio
1751 4418 1878 4484 Luricltii,
1977 4446 1978 4457 a

288 4546 302 4587 ¹³
317 4546 364 4602 Sic
377 4546 440 4604 editi
453 4548 510 4603 lerc
518 4563 621 4615 omncs,
634 4550 684 4606 uisi
700 4551 771 4619 quod
786 4551 884 4607 lrabeut
902 4554 1040 4609 Vibimreu·
1092 4574 1153 4614 uam
1171 4557 1324 4628 improbant
1338 4556 1449 4613 siricius
1472 4572 1541 4629 papa
1556 4558 1582 4612 in
1604 4557 1718 4627 epistola
1742 4560 1777 4616 ad
1793 4560 1881 4617 Hime-
1977 4586 1978 4591 ¹

252 4633 315 4672 aem.
333 4616 439 4673 Callai
462 4615 611 4674 Vilianctrse
634 4624 783 4676 rorantium.
809 4622 885 4679 Sicut
907 4634 934 4679 ct
948 4625 1038 4693 llari,
1092 4629 1162 4684 rium
1173 4628 1402 4682 Tarraconensem
1422 4629 1587 4700 episcopum,
1607 4638 1635 4684 et
1657 4639 1768 4686 sacretur
1784 4632 1838 4688 laco
1855 4631 1880 4687 in
1947 4674 1950 4685 ,

252 4687 314 4743 Ful.
331 4696 358 4743 et
379 4686 470 4742 Germ.
484 4704 492 4742 a
507 4689 554 4745 sed
569 4691 614 4760 qui
638 4691 707 4746 iulra
723 4697 929 4763 proepiaropmu
942 4695 1040 4752 liabent
1092 4701 1171 4768 epist.
1185 4698 1218 4753 lli
1233 4697 1297 4753 edit.
1322 4698 1528 4768 Qucsuolliauar,
1545 4698 1579 4754 ad
1603 4698 1702 4756 Sicilia
1725 4701 1879 4772 episcopos,

252 4759 395 4829 epitropos,
409 4758 483 4826 quasi
503 4759 611 4815 scotrndi
628 4762 747 4826 naariae,
763 4766 904 4832 episeopus
920 4764 963 4820 lric
981 4769 1040 4836 qai·
1067 4766 1069 4770 ’
1092 4770 1189 4840 quibus
1203 4776 1295 4840 postea
1309 4768 1355 4825 alii
1371 4770 1521 4839 pontillees,
1540 4778 1567 4825 et
1582 4769 1608 4825 iu
1629 4771 1711 4826 uariis
1736 4770 1881 4840 provinciis

252 4828 459 4883 damaiictore
469 4827 655 4897 designaretur
663 4832 810 4889 donatiano
820 4836 947 4891 sociatus.
960 4835 1040 4891 Simi-
1091 4839 1185 4910 synodi
1212 4839 1392 4894 milteseruut.
1418 4839 1475 4895 Alia
1504 4850 1593 4895 tanuen
1608 4841 1635 4895 in
1657 4841 1717 4897 alils
1735 4841 1880 4913 provinciis

218 4932 223 4947 ι
251 4897 314 4953 liter
335 4897 448 4954 0rtltod.
474 4909 501 4953 ιι
519 4898 658 4956 Loriclrius
673 4901 792 4958 babent:
813 4905 977 4972 Viuiaucrrse,
1000 4923 1041 4962 se·
1091 4909 1434 4977 rcrralmturconsnetudo,
1457 4910 1527 4980 quod
1542 4910 1576 4966 de
1599 4910 1688 4967 Airita
1702 4924 1807 4969 eertum
1830 4923 1880 4969 est.
1977 4950 1978 4969 t

218 4986 222 5015 ;
251 4969 374 5033 eandam,
393 4966 570 5023 liquationum
581 4971 705 5038 irruperitia
723 4984 867 5031 cantarat....
888 4977 1039 5047 episcopan
1092 4980 1165 5035 ldcru
1190 4980 1216 5034 iu
1231 4978 1412 5037 Orientalibus
1434 4979 1579 5049 proviaciis
1601 4982 1772 5039 observatum
1799 4983 1882 5039 luisse
1977 5008 1978 5023 ι

220 5040 335 5092 :atrab
353 5038 638 5109 letttlcuseprmridiam
659 5056 879 5111 ercammarum,
904 5055 956 5102 etc.
985 5048 1039 5103 Sed
1092 5051 1177 5119 liquet
1189 5058 1244 5104 tum
1259 5064 1292 5105 er
1308 5050 1462 5107 Grmcurum
1479 5049 1652 5123 liuelrologiq
1669 5063 1725 5109 tum
1743 5069 1777 5110 er
1800 5053 1881 5108 Prata
1977 5026 1978 5089 i

251 5106 296 5164 lrae
309 5108 438 5164 lectiones
451 5109 664 5175 mendosissimae
674 5122 746 5166 sunt.
761 5112 873 5170 iliricum
883 5119 981 5188 quippe
996 5119 1039 5174 irie
1091 5121 1219 5192 spirituali
1234 5120 1346 5177 ioannis
1361 5121 1461 5177 illoselri
1477 5135 1536 5192 cap.
1553 5122 1613 5187 iil,
1625 5122 1694 5194 apud
1717 5123 1881 5179 Gotelorium
1977 5122 1978 5133 ¹

251 5177 436 5236 maturnmodo
449 5179 941 5255 designariDurratiauamepiscupum.
956 5188 1039 5253 liquet
1092 5190 1193 5248 tomoll
1205 5191 1436 5247 ilouumeutorum
1450 5191 1696 5259 EcelcsmGraecar,
1707 5194 1751 5249 trbi
1766 5194 1882 5250 retertur
1977 5194 1978 5247 ἒ

217 5290 225 5312 .
252 5263 285 5330 er
299 5251 410 5331 perustis
424 5249 752 5333 rrrartyrologilsllsttardi,
772 5255 885 5317 adramis.
902 5267 929 5312 ιι
941 5258 1039 5316 ΝοιΙιι·
1090 5277 1196 5318 sacrum
1213 5262 1311 5318 iontem
1326 5261 1436 5333 siugulis
1450 5262 1528 5318 aunis
1549 5264 1575 5318 in
1598 5263 1663 5319 Vico
1686 5264 1824 5347 quodam,
1839 5263 1883 5319 die
1977 5306 1978 5313 ι

253 5334 287 5386 ιι,
303 5334 329 5374 ιιι
341 5318 437 5389 quibus
452 5319 524 5376 died
539 5320 705 5390 Septembris
719 5324 793 5380 solus
808 5324 1037 5385 Donatiuaascum
1091 5332 1160 5388 leste
1175 5332 1409 5402 Tbcopbauiarum
1424 5341 1521 5402 sponte
1539 5333 1637 5390 sudare
1654 5334 1761 5391 salttum
1787 5334 1881 5400 lurrsc,
1977 5362 1978 5365 ι

252 5389 322 5444 inlra
332 5389 471 5445 recensitis
480 5390 631 5448 celebratur
643 5392 684 5447 iris
696 5394 804 5450 uerbis:
819 5397 871 5466 77
882 5397 1038 5455 Surtctorum
1090 5412 1119 5458 ut
1132 5418 1166 5459 ex
1176 5417 1208 5458 ea
1222 5417 1289 5472 aqua
1301 5403 1448 5474 baptismus
1461 5402 1649 5461 eoulleeretttr.
1977 5416 1978 5419 ’

220 5458 407 5524 ,Bamaliana
425 5458 556 5524 eructare,
584 5460 723 5531 Hurrtaeti,
744 5463 864 5520 Germani
878 5477 903 5521 ιι
918 5467 1037 5539 Faaeali,
1126 5473 1239 5538 radiet,
1253 5472 1377 5528 Dircaeo.
1398 5472 1518 5530 Priorem
1534 5472 1675 5530 lectionem
1699 5474 1880 5545 praetulimus,
1977 5456 1978 5515 l

252 5531 385 5599 quiete,
420 5544 454 5585 ao
467 5532 530 5586 item
541 5530 584 5587 die
597 5532 624 5586 iu
641 5531 761 5590 Romano
774 5535 963 5607 Martyrologio
980 5556 1038 5595 me·
1091 5558 1151 5614 quaa
1163 5543 1268 5599 vitietur
1283 5543 1393 5600 istarum
1402 5550 1552 5627 temporum
1562 5542 1710 5617 discipline
1723 5546 1809 5616 magis
1820 5548 1882 5601 e‘sse

253 5609 401 5668 irrorantur.
429 5600 632 5657 orroittNotltia
647 5601 897 5677 Alrieanaqaatuur
909 5609 1034 5666 Dattalla·
1084 5614 1245 5671 'cortlormis
1259 5614 1422 5673 Sabdiaconr
1437 5629 1535 5685 quippo
1555 5623 1633 5674 extra
1654 5614 1803 5676 sacrariam
1825 5624 1882 5674 tta·
1977 5670 1978 5691 ,

254 5685 305 5726 tros
316 5671 455 5742 episcopos
468 5671 592 5736 iuterim
610 5671 893 5735 Verciitauaurseilicet
905 5688 933 5735 et
944 5679 978 5736 Te
996 5681 1036 5737 la·
1089 5684 1162 5754 bunt,
1178 5701 1211 5744 ex
1226 5685 1340 5744 concilio
1354 5685 1513 5747 Laodicena.

254 5757 357 5799 narrem
368 5743 397 5801 in
415 5741 548 5809 Numidia,
573 5740 701 5800 Elimeam
717 5744 746 5807 ia
769 5746 917 5818 liptacraa,
932 5758 960 5809 et
975 5698 1036 5809 iai·
