4080 6348
180 327 234 390 555
801 317 921 377 sibotttt
943 313 1167 375 arottthahts

181 441 335 515 sessionem⁴
353 439 522 513 (quanquam
544 436 569 492 id
591 435 624 491 ad
646 449 753 491 causam
771 434 963 505 subjiciendam
979 436 1008 496 Α
1248 427 1513 504 laenitatem
1532 426 1576 483 lt.
1599 502 1605 512 ι

181 533 269 605 minus
283 529 401 601 attinet);
414 544 474 585 ιιιιι
496 527 533 584 sis
554 526 633 598 igitur
655 541 672 582 e
689 527 791 583 semiue
810 536 911 598 poeta,
927 526 968 581 eui
1088 532 1090 537 ’
1163 522 1286 579 Sidonius
1302 533 1314 562 ι
1331 522 1475 593 Apollinari
1488 538 1535 577 suo
1549 518 1667 576 salutem.

182 606 274 699 procul
286 608 368 681 dubio
380 633 481 679 statores
493 622 746 689 dederantlitterra,
763 621 785 677 si
800 621 900 677 trabea
914 636 969 677 non
1023 698 1026 702 ι
1053 615 1123 690 ,Cum
1139 615 1253 686 primum
1271 624 1352 670 restas
1365 614 1480 670 decessit
1499 622 1644 682 autumno,
1666 620 1694 670 et
1712 614 1811 668 dracr-

183 719 342 776 dedissent:
362 716 527 787 quodetiam
547 731 619 773 nunc
632 716 749 772 auctoris
763 717 832 771 culta
849 716 970 772 uersibus
1022 724 1119 765 norrirn
1134 708 1215 764 timor
1237 708 1321 777 potuit
1341 707 1534 778 aliquantisper
1555 706 1660 763 ratione
1682 706 1811 776 temporis

183 813 263 865 rerba
279 816 418 874 testantur,
434 823 450 863 a
464 822 517 879 quo
531 808 618 864 studia
634 816 811 878 posterorum,
828 823 863 864 ue
877 824 970 878 parurn
1023 798 1180 869 temperari,
1195 797 1324 854 Viennam
1336 798 1398 853 veni
1416 796 1484 854 :obi
1494 796 1686 852 Thaumastum
1700 811 1809 867 germa-

183 900 309 970 quidem,
324 898 421 969 quippe
435 899 462 954 in
477 897 528 954 bae
548 907 638 970 parte,
653 899 883 970 degeneraverunt
897 914 905 954 :
921 899 971 952 iun·
1022 906 1085 946 num
1101 896 1191 955 tuum,
1208 902 1287 958 quem
1308 903 1356 957 pro
1368 886 1427 958 jure
1440 887 1483 942 rel
1497 887 1633 958 sanguinis
1650 888 1691 943 vel
1704 887 1809 955 astatis,

183 1005 261 1047 mane
274 999 383 1046 narratu
397 998 449 1053 est,
464 999 593 1063 quantum
610 989 687 1073 133
703 999 824 1060 stupeam
838 987 971 1045 sermonis
1023 983 1169 1041 reverenda
1193 981 1373 1057 familiaritate
1399 980 1579 1051 complector,
1608 979 1810 1036 moestissimum

186 1090 212 1137 ιι
225 1080 376 1136 Germanici
388 1080 508 1136 notitiam
524 1089 596 1136 tanta
611 1085 738 1155 racrluate
749 1081 878 1152 rapuisse.
891 1079 971 1149 arqui
1023 1075 1122 1132 inveni.
1138 1074 1187 1141 Qui
1203 1086 1353 1143 quanquam
1370 1072 1471 1127 rceenti
1484 1071 1607 1127 caelibatu
1622 1070 1759 1140 granditer
1771 1069 1810 1124 al-

184 1165 325 1243 puerit'iam
343 1180 416 1226 tuam
431 1170 615 1241 competenter¹
626 1171 726 1227 scholis
745 1170 898 1227 liberalibus
912 1185 971 1225 nne·
1024 1167 1171 1232 (teiphalus,
1186 1180 1235 1235 pro
1257 1173 1283 1219 te
1303 1171 1393 1219 tamen
1408 1178 1501 1232 pamm
1521 1162 1609 1218 minus
1627 1161 1721 1217 anxius
1740 1168 1811 1217 erat.

184 1262 248 1335 mini
261 1260 404 1329 imbutam,
417 1271 443 1316 ιι
454 1276 640 1330 saepenumero
654 1262 751 1317 acriter
765 1261 973 1330 eloquenterque
1024 1257 1145 1313 Timebat
1160 1255 1230 1310 eninr
1249 1254 1462 1323 antelatusque,
1487 1267 1521 1309 ne
1541 1267 1620 1324 ιιιιιι
1640 1250 1687 1307 tibi
1710 1250 1812 1306 calum-

185 1350 349 1408 deelamasse
365 1367 454 1408 eoram
469 1340 592 1420 oratore,
610 1356 676 1409 satis
694 1352 780 1408 habeo
795 1362 971 1422 compertum.
1024 1350 1095 1405 niam
1111 1347 1188 1413 turbo
1203 1346 1370 1414 barbaricus,
1386 1353 1432 1399 aut
1445 1344 1570 1399 mitteris
1579 1341 1751 1399 concinnaret
1761 1339 1812 1396 lm·

184 1446 272 1514 Atque
287 1446 345 1500 haec
366 1459 427 1501 eum
447 1444 483 1500 ila
497 1446 568 1512 sint,
594 1446 672 1501 nelln
696 1445 781 1511 dicas,
803 1445 873 1501 unde
886 1444 973 1500 subito
1024 1441 1152 1513 probitas.
1170 1437 1290 1508 Namque
1301 1433 1466 1492 confirmatd
1479 1436 1606 1505 magistro
1617 1434 1731 1490 militum
1741 1432 1814 1490 Chil-

185 1520 333 1592 hauserunt
347 1545 454 1606 pectora
473 1546 519 1591 tua
541 1535 702 1607 euphoniam
720 1537 807 1606 gentis
821 1536 930 1602 alienam
945 1546 974 1592 ut
1025 1533 1132 1603 pericu,
1153 1529 1374 1586 victoriosissimo
1395 1529 1469 1595 viro,
1488 1529 1575 1584 relatu
1598 1535 1729 1583 venenato
1747 1541 1814 1597 quo-

185 1613 267 1684 modo
280 1625 345 1682 mihi
361 1628 530 1697 pnstlerulas
543 1628 664 1687 lectionis
674 1627 845 1695 Maronianae,
862 1638 974 1699 postque
1024 1624 1156 1694 rumpiam
1174 1622 1366 1679 sceleratorum
1381 1620 1463 1677 luisse
1481 1630 1586 1676 secreto
1600 1619 1814 1686 insusurratum,

186 1716 342 1773 desudatam
360 1717 475 1774 varicosi
496 1718 632 1789 Arpinatis
645 1718 808 1789 opulentam
826 1719 973 1790 loquacita·
995 1756 1000 1763 ·
1025 1727 1070 1774 tuo
1092 1717 1227 1788 praecipue
1248 1715 1417 1781 machinatu,
1437 1723 1450 1753 a
1472 1712 1599 1783 oppidum
1613 1710 1776 1768 Vasionense
1799 1709 1811 1750 ι

186 1806 305 1879 temque,
320 1819 333 1847 ⁸
348 1812 424 1879 quasi
438 1809 452 1849 b
464 1811 499 1865 do
514 1812 615 1867 llilario
627 1822 717 1868 vetere
732 1827 818 1867 neurus
831 1812 898 1868 lalco
914 1826 975 1881 pro-
990 1794 1013 1855 Β
1026 1810 1146 1880 partibus
1165 1808 1227 1864 nori
1241 1806 1368 1877 principis
1387 1807 1525 1877 applicari.
1546 1805 1574 1861 Si
1597 1804 1659 1875 quid
1682 1804 1744 1860 binc
1765 1804 1814 1861 tibi

186 1899 314 1971 rumpasl
327 1899 463 1956 AEstimari
480 1902 590 1957 minime
610 1910 711 1971 potest,
727 1910 827 1969 quiante
840 1902 906 1957 mihi
923 1916 975 1957 eae·
1027 1901 1133 1971 tuisque
1142 1899 1302 1969 suspicionis
1314 1898 1450 1964 incutitur,
1464 1898 1559 1967 raptim
1573 1897 1640 1953 doce
1654 1909 1765 1952 recursu
1777 1896 1815 1951 la-

186 1994 304 2063 terisque
318 1994 354 2069 sit
372 1993 455 2062 risui,
471 1993 575 2063 quoties
595 1993 692 2060 audio,
711 1993 781 2065 qood
804 2001 831 2048 te
845 2001 977 2063 praesente
1027 1995 1170 2050 miliarium
1197 1994 1372 2065 paginarum
1399 2009 1433 2051 ne
1457 1992 1532 2049 robis
1558 1991 1746 2049 sollicitudinis
1770 1999 1816 2048 aut

186 2084 314 2149 formidet
332 2078 531 2161 lacerelinguae
551 2100 607 2140 sum
622 2084 751 2140 barbarus
770 2084 975 2139 barbarismum.
1027 2086 1177 2155 praesentiae
1191 2101 1257 2140 mere
1271 2085 1456 2156 opportunitas
1471 2093 1573 2155 pereat.
1591 2083 1669 2138 Gurae
1688 2082 1753 2137 nrihi
1769 2097 1816 2152 pe·

186 2168 301 2245 'hstupet
315 2175 363 2231 tibi
378 2174 505 2246 epistolas
523 2176 707 2246 interpretanti
725 2190 805 2230 curua
826 2174 976 2230 Germano·
1027 2175 1165 2230 culiariter
1177 2176 1239 2240 erit,
1255 2174 1356 2245 siquid
1372 2184 1459 2249 tamen
1474 2174 1622 2231 carendum
1638 2171 1814 2240 existimabis,

186 2280 246 2322 rum
260 2275 400 2333 senectus,
419 2274 446 2320 et
460 2266 574 2336 negmhs
588 2266 687 2321 mutuis
707 2266 836 2322 arbitrum
850 2277 876 2322 te
890 2267 978 2323 disce·
1028 2274 1056 2320 nt
1071 2276 1097 2322 te
1112 2265 1190 2322 iaciat
1202 2274 1248 2320 aut
1261 2265 1344 2336 gratia
1359 2265 1500 2335 impetrata
1513 2279 1647 2330 securum,
1663 2269 1709 2318 aut
1722 2261 1816 2333 explo-

186 2365 372 2428 ptatorcmquc
383 2356 510 2415 desumit.
522 2359 614 2413 Novus
627 2358 843 2429 Burgundionum
858 2358 940 2414 solon
950 2360 977 2413 in
1028 2369 1084 2414 rata
1097 2359 1235 2416 iracundia
1250 2358 1408 2415 cautiorem.
1422 2357 1498 2415 Tale.

185 2445 290 2519 legibus
304 2448 485 2515 disserendis;
501 2463 585 2505 nouus
599 2449 734 2520 Amphion
748 2450 774 2503 iu
790 2449 978 2515 citharis,'sed
1220 2464 1227 2475 ·
1301 2440 1466 2507 lil’lSTOLh
1487 2451 1541 2505 lh.

187 2537 349 2592 tricordibus
362 2539 555 2609 temperandis,
570 2540 679 2609 amaris,
695 2539 884 2609 frequentaris,
898 2555 979 2608 expe·
1176 2540 1301 2596 Sidonios
1315 2539 1471 2597 Thaumasto
1484 2557 1532 2595 suo
1546 2540 1663 2595 salutem.

159 2619 162 2623 ’
187 2628 264 2696 teris,
280 2629 410 2698 oblectas,
425 2631 543 2702 eligeris,
557 2631 704 2699 adhiberis,
716 2624 849 2700 decernis,
865 2633 976 2689 audiris.
1066 2638 1250 2710 indagavimus
1265 2638 1390 2703 aunem,
1412 2638 1456 2708 qui
1470 2636 1540 2708 apud
1559 2645 1571 2685 s
1591 2635 1751 2692 toparcham
1769 2650 1816 2692 aa.

187 2717 223 2773 lit
235 2733 386 2791 quanquam
399 2736 476 2792 aeque
496 2722 652 2792 corporibus
671 2738 703 2778 ac
722 2736 803 2779 seusu
825 2724 903 2794 rigidi
924 2726 978 2781 siut
1028 2739 1112 2785 strum
1127 2730 1247 2800 germani
1263 2730 1311 2795 tui,
1328 2737 1355 2783 et
1367 2728 1500 2784 ediverso
1515 2727 1645 2798 partium,
1662 2727 1816 2801 nuri135

187 2808 412 2881 indolatilesque,
427 2812 625 2883 amplectuntur
639 2813 666 2868 in
682 2823 708 2871 ιι
722 2814 820 2884 pariter
835 2815 979 2871 etdiscunt
1031 2821 1159 2890 principis
1173 2821 1304 2876 amicitias
1315 2821 1530 2887 erinunarentur,
1545 2821 1566 2874 si
1581 2830 1669 2874 tamen
1683 2820 1761 2873 fidam
1773 2833 1817 2875 so-

187 2912 339 2957 sermouem
356 2902 486 2971 patrium,
502 2918 550 2960 cor
562 2904 698 2961 Latinum.
715 2906 808 2981 Restat
823 2907 873 2962 hoc
884 2923 976 2975 unum,
1028 2911 1128 2967 dalium
1144 2912 1317 2982 sagacitatem
1332 2910 1496 2966 clandestina
1510 2909 1657 2966 delatorum
1677 2924 1729 2964 uon
1743 2909 1818 2965 lelel·

187 2990 229 3046 ιιι
243 2990 419 3063 facetissime,
435 3006 462 3052 ot
473 2998 568 3063 ¹nibilo
581 3001 704 3071 segnius,
725 3001 765 3056 rel
778 3016 838 3058 cum
856 3003 976 3075 vacabit,
1030 3003 1086 3059 lere
1099 3004 1221 3073 vestigia.
1237 3002 1268 3057 lli
1284 3004 1408 3058 nimirum
1424 3011 1495 3067 sunt,
1511 3011 1541 3057 ut
1555 3002 1625 3057 idem
1639 2990 1730 3056 coram
1747 3000 1818 3070 posi·

188 3086 289 3157 aliquid
307 3076 413 3144 lectioni
430 3091 519 3161 operis
533 3092 687 3163 impendas,
708 3082 894 3166 custodiasque
908 3094 975 3161 boc,
1031 3102 1073 3149 tus
1084 3094 1190 3158 audisti,
1204 3108 1271 3163 quos
1284 3094 1379 3164 sejam
1394 3093 1493 3149 dudum
1505 3091 1608 3163 perpeti
1620 3094 1690 3148 inter
1702 3093 1818 3147 elemen-

188 3187 270 3247 prout
290 3193 320 3233 es
341 3179 571 3250 elegantissimus,
594 3191 851 3256 temperamentum,
877 3198 906 3241 ιι
929 3153 1015 3243 istaC
1031 3185 1114 3241 tiores
1137 3184 1265 3241 barbaros
1287 3185 1372 3240 Gallia
1393 3185 1485 3257 gemit.
1511 3183 1542 3239 lli
1557 3193 1619 3240 sunt
1641 3198 1707 3254 quos
1726 3183 1820 3242 timent

189 3267 238 3324 tibi
251 3268 341 3337 lingua
355 3279 489 3340 tencatur,
514 3288 548 3329 ue
562 3275 689 3341 ridearis3
704 3275 749 3330 illa
766 3286 934 3338 exerceatur.
951 3284 980 3333 ut
1032 3278 1112 3333 etiam
1132 3277 1177 3347 qui
1192 3278 1329 3333 timentur.
1351 3278 1383 3333 ιιι
1406 3285 1468 3334 suunt
1481 3291 1548 3348 quos
1573 3277 1632 3332 liaeo
1651 3277 1819 3346 peculiariter

189 3358 289 3416 rideas.
304 3359 379 3417 t'ata.
1032 3366 1171 3439 provincia
1181 3379 1272 3426 manet
1283 3369 1383 3427 inlerre
1395 3371 1555 3438 calumnias,
1564 3369 1669 3426 deicere
1680 3384 1820 3441 pcmonas,

189 3645 236 3702 lib.
252 3661 260 3701 ι
279 3647 453 3718 epistolarum
475 3653 613 3724 syagrium
638 3655 774 3711 consulem
800 3665 874 3711 trans
897 3657 977 3727 hlpcs

188 3715 326 3774 habitasse
338 3720 485 3792 signifieat,
502 3722 535 3778 dc
550 3723 678 3793 Lugdrrno
693 3726 892 3796 intelligendum
906 3738 956 3783 est.

225 3795 239 3824 ⁸
253 3786 348 3843 Petrus
369 3789 476 3847 Golrius
488 3808 521 3846 ex
533 3808 584 3849 ms.
599 3792 813 3851 Glaromoutensi
829 3814 837 3852 ι
853 3802 927 3868 qnasi
946 3799 978 3853 dc

189 3855 301 3939 Syagrio
314 3869 392 3942 uotae
404 3879 482 3942 nouus
494 3862 599 3933 Fraraeo
612 3866 782 3932 prorumpas?

224 3925 370 4012 l’'Srclrhrr
387 3933 505 4002 plerique
520 3952 526 3987 :
542 3934 587 3989 alii
603 3942 676 3993 varie
688 3937 787 4010 harilao
803 3938 845 3993 rel
861 3938 972 4007 hurilio,

190 4003 219 4052 ut
233 3997 340 4055 dtlilctle
352 4002 387 4055 sit
400 4012 516 4058 statuere
528 4004 590 4075 quid
606 4008 770 4073 potissimum
783 4010 921 4078 scripserit
936 4010 978 4063 Si·

188 4067 294 4151 danius.
311 4075 411 4128 Sensus
425 4082 478 4138 est,
494 4073 528 4129 Ut
541 4076 657 4132 ridearis
668 4079 732 4133 mihi
747 4095 778 4132 ex
792 4080 833 4133 ari
849 4080 932 4145 patria
949 4080 977 4134 in

190 4148 322 4194 aroucam
343 4156 473 4209 mitratus,
499 4160 532 4198 ex
547 4144 646 4201 Gallica
663 4150 689 4202 iu
704 4149 899 4203 Germanicam.
917 4149 978 4204 lari

190 4207 319 4277 elegantia
336 4211 457 4265 llarieius
477 4213 523 4270 tib.
537 4230 561 4276 ι,
583 4217 661 4282 epist.
677 4220 694 4271 5
708 4218 739 4269 ad
758 4219 979 4284 bapeaumes

189 4276 291 4332 Arione
303 4280 329 4331 in
342 4282 476 4348 Orpheum
488 4290 598 4351 repente
610 4288 704 4338 mutari
717 4286 793 4345 dirit,
805 4302 853 4353 pro
864 4302 896 4340 eo
907 4288 976 4354 quad

189 4354 246 4410 est,
261 4348 369 4400 doctum
387 4350 475 4403 subito
488 4351 545 4407 lieri
563 4367 596 4404 ex
610 4356 720 4407 rustico.
740 4356 795 4426 55
807 4356 924 4419 Scilicet,
940 4357 981 4408 iu·

189 4417 258 4482 quit,
274 4422 325 4468 tarra
336 4419 525 4474 consuetudinis
535 4434 599 4473 meae
608 4423 750 4488 imratenror,
762 4440 840 4493 quom
851 4424 982 4478 rusticita-

190 4484 222 4537 ιιι
232 4484 339 4549 allitus,
354 4487 429 4555 quusi
439 4504 471 4542 ee
484 4489 578 4543 Arione
594 4492 622 4545 io
637 4490 766 4562 Orpheum
783 4504 884 4562 repenle
900 4504 982 4545 arrota-

190 4564 247 4618 tas,
266 4553 341 4607 uelint
365 4555 536 4612 disertissimis
556 4562 658 4613 auribus
679 4562 729 4615 trois
748 4578 791 4616 ore
810 4564 914 4632 portula
931 4578 981 4617 trau

190 4630 243 4676 tam
255 4624 381 4747 ιΊιῙῇιιιιιιι
391 4642 467 4697 quant
478 4629 619 4700 injuriosus
629 4631 746 4686 existere.

226 4702 239 4732 ο
278 4695 409 4750 haumasti
425 4698 510 4761 iratri,
525 4698 627 4756 Sidonii
638 4704 847 4772 consanguineo.

225 4759 472 4844 *burgundionum
493 4769 566 4836 rapi,
586 4771 710 4827 Glotildis
728 4784 842 4837 nostrae,
863 4779 894 4827 ut
908 4787 979 4839 reor,

189 4841 269 4903 patri.
292 4834 410 4901 Quatuor
432 4837 483 4891 hoc
508 4849 626 4908 tempore
649 4840 881 4910 burgundionibus
905 4858 981 4913 reges

187 4906 366 4973 imperabant,
386 4905 584 4974 Gundebaldus,
599 4911 802 4983 Gundegiseius,
815 4913 983 4983 Glulpericns

189 4983 217 5028 ιι
240 4973 442 5043 Gundomarus,
466 4977 622 5046 Gundeuci,
647 4993 675 5037 ut
696 4984 856 5051 Gregorius,
879 4985 925 5037 lib.
945 5000 980 5050 tt,

190 5055 250 5125 cap.
265 5044 310 5109 ιιι,
326 5045 418 5115 docet,
436 5047 500 5111 lilii,
521 5049 579 5117 ejus
601 5052 646 5122 qui
666 5064 725 5123 post
738 5054 930 5122 ,Gundiearimn
947 5057 980 5110 ab

190 5115 269 5169 hetto
283 5129 399 5183 cresum,
420 5131 530 5187 reginum
548 5121 662 5177 obtinuit
680 5138 741 5178 cum
762 5126 847 5180 altero
869 5122 980 5192 chilpe-

189 5184 247 5263 rico
262 5184 363 5239 iratre:
379 5201 492 5255 quorum
507 5191 628 5245 meminit
638 5192 787 5248 lornandes
798 5196 824 5248 in
837 5195 918 5249 relius
929 5196 981 5251 Ge·

190 5261 260 5339 ucis.
276 5252 367 5334 ltaque
382 5257 487 5337 ‘ambigi
509 5273 599 5328 posset
622 5262 655 5316 de
678 5273 736 5317 utro
753 5265 904 5334 Ghilperico
919 5274 979 5334 agat

189 5320 327 5387 andonius,
339 5338 390 5379 nist
402 5327 514 5394 epistula
522 5334 642 5399 sequenti
654 5335 812 5388 tetrarcham
822 5334 978 5403 appellaret,

189 5400 303 5459 quatuor
318 5393 415 5449 iratres
432 5395 575 5465 designans
589 5402 634 5469 qui
648 5402 726 5457 sirnul
743 5407 898 5475 regnabant.
920 5405 977 5460 lam

188 5463 260 5543 quod
281 5463 460 5531 chilpericum
476 5466 546 5520 hunc
560 5484 613 5522 non
628 5486 734 5542 regem,
756 5476 802 5529 sed
823 5479 978 5544 magistrum

189 5532 304 5587 multtum
317 5534 406 5603 vocal,
417 5549 450 5590 eo
462 5537 621 5601 maselech,
635 5556 687 5610 qun
697 5544 894 5613 sigismundum
906 5546 979 5602 Gun-

189 5600 294 5657 dobaldi
320 5603 403 5659 hlium
427 5605 546 5661 Alcimus
569 5611 663 5665 Avitus
687 5614 848 5682 patricium,
871 5615 977 5671 llilarus

226 5685 257 5740 pa
269 5671 446 5730 Gunduicium
455 5691 506 5757 ,ιιι
525 5675 717 5747 Gundeucum,
732 5694 791 5748 aut,
813 5692 841 5738 ut
853 5694 894 5739 est
906 5685 976 5755 apud

208 5743 362 5810 ornandam,
376 5743 541 5805 Gordianum
557 5750 652 5807 borum
666 5761 780 5822 quatuor
792 5764 910 5821 patrem,
921 5772 975 5812 nne-

1031 3656 1143 3723 gistrum
1160 3655 1222 3711 item
1240 3656 1352 3711 militurn
1368 3656 1499 3726 appellat,
1515 3656 1541 3710 in
1562 3654 1674 3726 epistola
1690 3655 1722 3710 ud
1736 3653 1821 3712 Leon·

1032 3729 1098 3782 tium
1111 3728 1264 3795 episcopum
1278 3728 1471 3783 Arelatenscm.

1068 3807 1080 3835 ι
1101 3797 1176 3865 Quod
1199 3795 1279 3851 Vasio
1304 3798 1492 3852 Vocontiorum
1521 3795 1669 3864 Pomponio
1695 3795 1770 3852 hats
1794 3806 1821 3852 et

1031 3868 1133 3935 Plinio,
1155 3870 1273 3924 odaoloa
1290 3866 1445 3925 Ptolemaeo.
1471 3866 1605 3922 Posterior
1626 3874 1690 3920 aetas
1704 3866 1821 3923 vasense

1031 3938 1098 3993 dixit
1121 3953 1170 4009 pro
1187 3938 1355 3993 Vasionensi.
1379 3938 1432 3995 Sed
1452 3936 1639 3992 Vocoritiorum
1668 3937 1734 3993 hnea
1757 3938 1819 3992 olim

1032 4010 1059 4063 in
1083 4010 1218 4075 prouincia
1240 4008 1384 4063 Viertnensi
1414 4009 1543 4063 latissime
1565 4016 1715 4075 patuerunt.
1742 4006 1820 4063 Plinii

1033 4080 1112 4133 rerba
1127 4090 1189 4134 sum
1206 4080 1251 4134 lib.
1266 4095 1309 4144 ιιι,
1324 4094 1382 4148 cap.
1396 4080 1412 4135 ι
1426 4097 1432 4132 :
1452 4078 1634 4132 Vocontiorum
1648 4078 1754 4131 ciuitatis
1772 4078 1820 4149 ie·

1032 4151 1126 4203 deretur
1145 4151 1196 4203 duo
1210 4151 1312 4219 capito,
1332 4149 1410 4203 Vasio
1427 4158 1450 4202 et
1471 4148 1555 4203 Locus
1574 4150 1706 4220 Augusti:
1724 4150 1820 4220 oppida

1032 4234 1089 4272 sero
1102 4219 1223 4289 iqnobr'lio
1240 4219 1281 4273 ιιι.
1298 4222 1331 4273 ht
1345 4220 1407 4272 Luci
1423 4218 1502 4273 hodie
1523 4235 1618 4274 nomen
1639 4219 1780 4273 obscurum
1794 4226 1822 4275 et

1030 4288 1084 4355 jorn
1106 4289 1169 4341 olim
1189 4302 1204 4341 a
1226 4287 1300 4341 Tahii
1316 4288 1433 4343 Valentis
1454 4289 1571 4343 exercitu
1593 4289 1717 4343 incendio
1732 4287 1821 4344 delor-

1033 4366 1132 4411 matnm
1151 4365 1243 4411 narrat
1255 4357 1363 4411 Tacitus
1383 4356 1431 4411 lib.
1451 4372 1459 4411 ι
1479 4358 1612 4413 ιιίειιιιιι.
1631 4358 1734 4413 Glorior
1752 4359 1820 4413 lama

1034 4426 1106 4479 urhis
1122 4427 1248 4491 licensis,
1264 4441 1323 4494 quae
1342 4424 1451 4481 Colonia
1473 4427 1525 4482 Dea
1546 4431 1662 4497 angusta
1679 4429 1820 4484 Vocontio-

1033 4510 1091 4549 rum
1103 4496 1200 4549 dicitur
1211 4496 1237 4550 in
1253 4496 1341 4563 lapide
1355 4496 1512 4553 arelatensi.
1526 4497 1585 4552 Fuit
1599 4509 1627 4554 et
1638 4499 1712 4554 Morus
1725 4500 1820 4555 Seleu·

1032 4579 1079 4618 eus
1101 4565 1171 4620 inter
1186 4566 1291 4634 ‘oppida
1313 4565 1517 4631 Vecorttiorum,
1540 4569 1722 4638 hlagnentiana
1743 4568 1820 4624 clade

967 4661 969 4669 ι
1032 4635 1148 4689 nobilis:
1165 4637 1210 4689 sed
1226 4635 1302 4704 cujus
1315 4650 1412 4691 nomen
1429 4637 1499 4705 apud
1518 4652 1612 4693 omnes
1626 4638 1711 4693 lerme
1724 4637 1821 4708 depra-

1032 4713 1121 4759 vatum
1137 4714 1188 4762 cst.
1204 4703 1271 4761 Nain
1287 4706 1357 4775 apud
1379 4705 1516 4762 Socratem
1539 4710 1735 4769 haeraclianae
1753 4708 1819 4779 legi·

1033 4782 1087 4841 lul,
1104 4775 1173 4846 apud
1194 4775 1371 4832 Salonianum
1391 4772 1617 4841 Μιιτιισέιευκιςῑ
1638 4778 1701 4834 alibi
1721 4784 1819 4856 ιιιῦρις

1033 4847 1149 4907 mirasse
1168 4864 1174 4898 :
1193 4861 1255 4900 vera
1276 4846 1420 4917 appellatio
1443 4863 1522 4918 quam
1545 4847 1659 4904 ilistoria
1675 4846 1818 4911 Tripastita

1034 4917 1147 4980 retinet,
1161 4916 1237 4971 Mons
1250 4916 1370 4983 Seleuci,
1386 4916 1485 4973 brucum
1504 4920 1573 4972 inter
1587 4925 1614 4971 et
1634 4914 1702 4970 lines
1714 4914 1821 4972 Vocon·

1033 4986 1144 5052 tiorum,
1166 5002 1198 5041 ae
1216 4987 1375 5055 lopiacum,
1401 4999 1430 5041 ut
1451 5003 1484 5041 ex
1505 4985 1649 5042 itinerariis
1673 4984 1773 5040 AEthiei
1787 5002 1819 5042 ae

1031 5055 1216 5126 burdigalensi
1234 5057 1325 5114 ridere
1343 5058 1400 5113 est.'
1414 5056 1505 5111 Tridui
1528 5057 1587 5123 plus
1611 5053 1699 5110 minus
1722 5056 1819 5112 itinere

1032 5125 1108 5181 abest
1129 5127 1267 5196 Lugduno·
1286 5129 1373 5194 Quiane
1392 5127 1425 5182 ad
1446 5135 1564 5180 montem
1577 5124 1682 5180 Seteool
1701 5126 1818 5181 reiercn·

1031 5196 1093 5320 {hssm
1108 5196 1235 5265 estquod
1250 5197 1345 5252 llursrn
1366 5198 1415 5261 hac
1437 5196 1463 5249 in
1488 5204 1563 5265 parte
1584 5195 1676 5250 tribuit
1693 5194 1817 5251 Socrates

1043 5268 1049 5317 i
1071 5282 1120 5330 .tt,
1134 5282 1163 5323 ea
1185 5268 1252 5320 el.

1069 5334 1079 5373 ¹
1096 5338 1154 5391 lion
1167 5282 1277 5391 ¹(isabium
1291 5337 1354 5406 quin
1367 5348 1463 5391 trorum
1477 5334 1622 5407 principem
1635 5335 1759 5406 appellet,
1771 5334 1816 5406 qul

1031 5404 1123 5460 lionam
1139 5415 1257 5475 coeperat
1277 5406 1406 5475 imperare
1423 5420 1430 5458 :
1446 5407 1493 5460 sed
1514 5419 1655 5474 quemnam
1671 5407 1815 5478 intelligat,

1030 5476 1056 5530 in
1077 5484 1148 5530 tanta
1164 5477 1312 5545 principum
1335 5490 1395 5547 quae
1415 5486 1469 5531 ιιιι
1495 5476 1585 5544 paucis
1606 5476 1684 5533 arinis
1700 5476 1814 5545 accidit,

1029 5545 1176 5600 mutatione
1190 5553 1218 5599 et
1231 5545 1359 5601 uarietate
1373 5560 1425 5601 nou
1440 5545 1534 5615 liquet.

1065 5623 1078 5662 ι
1093 5614 1271 5687 Glrilpe'rieom
1281 5658 1289 5684 ,
1299 5617 1343 5685 qui
1356 5616 1477 5689 Lugduni
1494 5629 1583 5671 rernm
1598 5616 1757 5687 potiebatur,
1772 5616 1814 5672 di·

1029 5685 1086 5741 riso
1099 5693 1163 5740 tune
1178 5686 1203 5740 in
1217 5694 1332 5756 quatuor
1344 5702 1426 5763 regna
1439 5686 1656 5760 Burgundionum
1669 5686 1792 5769 imperio,
