4090 6348
209 443 262 500 stt
684 436 945 495 innotuimus
964 436 997 495 tit
1014 436 1178 497 notitittt
1197 439 1346 498 tunicis.
1782 446 1835 499 538

210 558 274 621 tlitii,
292 564 323 612 ut
338 554 412 612 Nouo
424 556 531 624 Spurio,
551 554 621 607 iinon
635 551 757 619 curarit,
770 560 841 618 stc.;
855 552 995 622 dequibus
1010 552 1111 619 Anus,
1129 557 1173 624 qui
1188 569 1247 622 cap.
1262 557 1314 613 ist
1325 555 1576 613 Sirio-uliuritcnrii
1589 558 1686 613 dicitnr
1700 555 1725 611 iii
1735 558 1834 613 editio·

210 630 265 683 sitis
278 629 345 684 locis
360 627 512 682 dicendum.
533 624 572 679 Ad
594 622 683 678 Nouus
699 622 778 678 babet
802 622 953 678 Antoninus
969 625 995 679 iii
1051 624 1129 679 nibus
1142 624 1314 682 baluzianum
1327 627 1556 693 antecedentibus,
1576 643 1629 683 noti
1645 628 1833 693 Suburiiunnr,

211 698 362 766 itinerario,
377 693 448 753 band
464 696 555 768 procui
570 696 604 749 sb
621 693 724 764 Oppido
739 691 825 763 Nouo,
837 692 906 749 inira
919 708 994 749 num.
1048 709 1135 764 tregue
1155 694 1356 766 Sulburitunut,
1377 697 1423 753 sed
1445 696 1684 770 Zuggnluritcnnt,
1704 698 1832 768 rppettari

131 800 135 808 ,
210 769 244 825 st
256 768 284 823 in
300 769 350 823 bac
363 767 421 837 ipsa
437 765 573 835 prouincia
587 773 746 819 memorato.
1048 764 1136 831 debet,
1151 767 1188 820 uti
1201 766 1352 822 emendavit
1371 768 1500 825 Bulurius.
1518 767 1585 824 tide
1597 783 1678 837 supra
1692 782 1767 824 num.
1785 766 1832 824 20.

242 833 996 904 iil.luctorintranus.lnCollationeCortliau.caplbb
1048 834 1193 907 diruturum
1216 836 1413 893 suburbitarum
1436 840 1537 895 mentio
1554 837 1702 895 iubebatur
1723 842 1750 894 io
1771 852 1832 895 ser-

209 909 278 964 inter
299 910 445 963 raiboticns
471 907 564 961 Potrrs
589 907 737 960 recensitus
756 914 797 960 est
823 904 997 959 liuciniiuriur
1049 921 1130 962 trione
1144 906 1179 961 bi
1193 909 1276 961 saneti
1291 909 1429 977 Augustini
1443 923 1459 962 ι
1474 908 1618 965 sirmundo
1632 910 1720 979 edito,
1735 910 1779 978 uui
1791 917 1834 966 est

209 976 666 1051 episcopusplebirZugalburitnntr,
682 974 765 1043 quiin
792 976 926 1042 prioribus
938 976 995 1030 edi·
1048 990 1125 1030 noras
1151 977 1275 1031 editionis
1295 978 1357 1032 sti.
1385 978 1421 1034 De
1440 980 1535 1045 tinibus
1550 979 1609 1035 ride
1623 980 1833 1035 admonitionem

211 1052 328 1103 tionibus
341 1057 405 1103 ante
421 1048 589 1102 Baliiziunum
613 1045 851 1101 Soluntinrinuriu
869 1045 996 1101 mendose
1048 1055 1166 1101 ntistram
1190 1048 1216 1101 iti
1233 1049 1381 1113 passionem
1397 1062 1547 1104 sencinum
1568 1062 1713 1123 martyrum
1734 1049 1833 1117 Perpe-

209 1119 358 1176 dicebatur.
374 1123 408 1174 At
417 1119 457 1173 sic
467 1117 621 1172 einsndttiit
633 1115 752 1169 eruditus
768 1114 902 1179 Bsiuzins,
925 1115 996 1185 qitiid
1049 1124 1102 1171 tute
1116 1127 1142 1171 et
1155 1117 1313 1187 Felicitatis,
1329 1134 1402 1174 tium.
1414 1118 1441 1186 5,
1457 1121 1483 1173 in
1497 1121 1571 1176 Actis
1581 1120 1725 1194 Martyrum
1745 1120 1833 1177 since·

210 1187 367 1256 Gcrnrunttr,
379 1190 424 1257 qui
436 1188 480 1242 nic
497 1187 648 1242 Maximiani
660 1186 828 1240 aduersarius
841 1201 872 1241 es
887 1186 997 1241 Donati·
1048 1187 1096 1250 ris,
1113 1201 1171 1256 pag.
1188 1186 1233 1243 82.

211 1269 311 1315 starum
323 1274 360 1313 sci
370 1268 394 1313 ui
408 1258 514 1322 dicimur,
531 1272 590 1326 usp.
607 1255 764 1310 ibidis-rte
780 1257 912 1328 episcopus
927 1254 998 1327 Zup·
1083 1256 1131 1313 il.
1150 1263 1289 1322 Aprensis.
1309 1258 1466 1327 Complures
1479 1269 1556 1316 erant
1566 1259 1645 1330 buius
1657 1262 1773 1318 nominis
1786 1277 1832 1317 tir-

211 1332 375 1401 yutaii'iumu
389 1331 551 1383 piirriinetiir.
576 1328 685 1380 Veteres
700 1325 777 1380 Plinii
795 1327 928 1382 editiones
947 1326 994 1382 lib.
1047 1327 1095 1383 lies
1108 1329 1133 1382 iti
1147 1329 1253 1390 Alrica,
1269 1329 1354 1383 tatianiv
1365 1341 1463 1399 pruter
1476 1346 1522 1384 eas
1541 1347 1600 1400 quau
1619 1332 1710 1403 aliquo
1729 1332 1833 1389 addita·

213 1415 239 1464 r,
253 1415 311 1469 rep.
325 1399 353 1466 2,
369 1399 501 1455 Succultir
513 1397 706 1461 memorabunt,
718 1412 797 1466 quiem
811 1398 898 1451 locum
912 1396 995 1453 ioan·
1048 1410 1140 1453 uteriui
1152 1399 1391 1468 distinguebantur.
1404 1400 1554 1463 Secundus,
1569 1403 1611 1467 tini
1624 1403 1726 1465 leporii
1742 1402 1833 1458 iiltello

212 1485 259 1526 nes
268 1470 588 1526 Hardoimiseuontuiitrr
599 1468 791 1536 manuscriptis,
804 1470 997 1532 utiuit,cmen-
1047 1469 1212 1537 subscripsit,
1228 1484 1289 1524 sese
1303 1468 1425 1525 Ecclesiae
1444 1472 1583 1542 Aquensis,
1601 1470 1832 1545 duellegurniitu·
1933 1524 1936 1533 2

211 1539 301 1607 davit,
329 1543 462 1610 turbetque
490 1538 636 1604 Surcuior,
664 1552 724 1605 ntiae
748 1538 811 1591 urbs
838 1537 874 1592 ibi
898 1539 996 1594 dicitur
1049 1540 1253 1605 atreiiseopum
1272 1541 1400 1608 appellat3
1416 1544 1462 1596 sed
1477 1542 1520 1597 laic
1534 1549 1592 1596 erat
1602 1557 1635 1599 eii
1648 1541 1782 1608 Numidis,
1804 1553 1833 1600 ut

211 1607 319 1666 Colonia
338 1614 460 1681 Augustis.
475 1610 519 1662 Sic
535 1623 642 1679 qunque
656 1608 806 1677 appelletur
818 1608 844 1661 in
858 1607 997 1663 'lltvsauro
1048 1609 1163 1663 diximus
1185 1609 1212 1664 ln
1237 1611 1307 1665 notis
1319 1612 1352 1664 ad
1366 1611 1425 1681 eins
1439 1612 1582 1680 prouincia
1596 1615 1737 1681 episcopos
1755 1628 1831 1671 notri.

210 1680 303 1736 notun
315 1697 374 1751 pag.
387 1681 449 1736 238.
462 1680 617 1734 Ammianus
627 1694 691 1732 uero
702 1679 748 1734 lili.
758 1679 996 1744 uiirmunicipr'nm
1049 1678 1110 1734 itis.
1124 1680 1216 1734 Adiutt
1235 1680 1375 1735 collationi
1393 1682 1519 1752 Cartbug.
1536 1698 1595 1750 cap.
1608 1682 1661 1738 208
1677 1681 1833 1738 Victoriniu·

212 1749 429 1820 Suguiurritnnum
446 1757 577 1805 memorat
591 1758 669 1801 monti
685 1746 871 1802 Transcellensi
883 1750 995 1806 adcline.
1048 1766 1096 1803 rint
1110 1754 1242 1821 episcopus
1254 1751 1380 1822 Aquensis
1392 1768 1423 1807 es
1440 1752 1636 1811 Donatistarum
1646 1760 1734 1821 secta,
1752 1768 1833 1823 quein

211 1820 377 1879 Ptolemaeus.
391 1822 439 1876 lib.
463 1835 499 1885 tv,
525 1834 585 1888 cap.
600 1818 628 1883 2,
645 1818 725 1873 nabet
745 1833 778 1872 eu
794 1817 853 1873 coti.
876 1818 996 1875 Palatino
1048 1820 1080 1873 ad
1097 1819 1284 1890 Arzugitanam
1299 1823 1460 1889 prouinciam
1476 1823 1638 1893 pertinuisse
1652 1823 1785 1893 colligitur
1798 1838 1833 1880 ex

210 1893 279 1957 apul
293 1892 410 1946 liertium
428 1889 583 1945 Zucltitbttri.
606 1887 675 1942 Editi
695 1897 772 1943 antea
796 1888 928 1943 habebant
943 1889 996 1945 Bu·
1009 1928 1034 1989 B
1048 1890 1142 1944 eodem
1165 1892 1319 1945 collationis
1335 1893 1409 1953 loeo,
1432 1892 1474 1947 tibi
1498 1895 1626 1949 Aiselicus
1641 1896 1773 1966 episcopus
1788 1909 1833 1948 ou-

211 1960 351 2016 cliuutborr'.
374 1961 438 2016 linio
459 1961 517 2015 tirbi
534 1957 734 2014 Fortunatuniu
754 1956 923 2027 lancinatori,
948 1967 993 2030 qui
1046 1961 1154 2014 tliolicur
1167 1962 1298 2031 municipii
1309 1959 1458 2017 Tusttrituni
1469 1964 1832 2034 interloquittirsedeAruu·

212 2031 282 2088 inter
295 2032 491 2103 rebaptizantes
508 2031 534 2084 in
550 2031 663 2084 enticilio
682 2027 808 2108 Cartliag.
829 2030 879 2084 sub
901 2041 994 2086 sanctu
1045 2031 1119 2154 clus
1132 2032 1172 2086 dic
1183 2046 1211 2086 iit
1224 2032 1390 2087 colendarum
1402 2032 1530 2088 liciorum
1542 2037 1684 2105 proiectum
1698 2035 1786 2105 fuisse,
1800 2050 1834 2091 ue

212 2100 441 2173 Cyprianuuum.
455 2100 500 2169 tt,
515 2100 609 2164 adluit,
633 2098 773 2168 prielutsse
785 2100 930 2154 arbitratur
945 2099 995 2157 Pa·
1071 2101 1256 2155 irtorinianuui
1277 2102 1303 2156 in
1324 2107 1366 2157 ria
1392 2105 1588 2159 [intratistarum
1611 2105 1725 2161 lactiune
1748 2104 1834 2162 luisse

211 2174 305 2229 melius
315 2173 342 2227 in
354 2169 619 2227 nntisadsanetnmC
639 2171 770 2240 priunum,
782 2169 829 2224 sed
842 2187 991 2238 perperam.
1045 2171 1207 2226 ordinatum.
1231 2172 1395 2228 Receiiseiur
1408 2183 1436 2230 et
1449 2188 1507 2243 cap.
1532 2175 1582 2231 ¹98
1597 2176 1660 2230 item
1673 2191 1706 2230 eii
1723 2175 1833 2229 ὓοιιιιί·

212 2242 276 2297 Naitt
291 2243 437 2311 Sttpltunur
458 2259 470 2295 r
489 2244 590 2308 irruptis
624 2240 820 2294 succinuntur.
846 2243 916 2296 inter
934 2258 996 2310 prn-
1045 2242 1093 2295 stis
1104 2239 1254 2297 Cresconius
1265 2244 1426 2311 opiscopusA
1447 2246 1545 2311 nensis,·
1560 2245 1607 2300 sed
1620 2245 1740 2300 Numidis
1751 2248 1832 2300 istum

211 2313 367 2369 consulares
388 2313 456 2367 babe
471 2327 502 2367 ur
516 2313 561 2379 nui
581 2311 720 2393 synodicae·
739 2312 955 2380 subscripserunt
967 2313 992 2368 iii
1045 2313 1180 2367 accenseri
1195 2312 1294 2367 debere
1309 2313 1385 2369 facile
1400 2262 1487 2385 coiligi
1503 2324 1591 2383 potest
1603 2331 1635 2371 eit
1648 2315 1742 2371 eodem
1756 2314 1828 2382 loco,

211 2384 325 2440 concilio
340 2383 464 2438 Lateran.
476 2381 527 2437 snb
540 2391 633 2436 sancto
645 2380 768 2443 Marsico,
784 2390 835 2437 act.
848 2381 875 2436 2.
1046 2397 1106 2436 nain
1121 2397 1181 2437 eum
1204 2383 1239 2438 ibi
1260 2383 1419 2439 Cresconius
1439 2385 1586 2439 traditorem
1604 2399 1633 2440 se
1653 2401 1705 2439 tion
1730 2384 1832 2441 babere

243 2454 289 2509 bl.
303 2453 495 2513 (leucatensis,
517 2452 580 2506 urbs
602 2451 684 2505 tutius
704 2450 847 2518 provincie
869 2452 993 2523 nobilior,
1045 2451 1167 2517 dixisset,
1184 2453 1408 2511 interlocutusest
1420 2456 1545 2511 Attrelius
1558 2455 1698 2525 opiscopus
1717 2455 1831 2510 estboli·

212 2539 244 2580 ex
258 2539 310 2594 qua
322 2525 393 2580 dicta
408 2532 450 2580 est
461 2521 617 2578 llanritania
627 2521 809 2577 nucariensis.
826 2521 921 2578 Paucis
934 2538 995 2579 rer·
1046 2536 1092 2578 otis
1106 2522 1286 2588 Macomadite,
1304 2531 1332 2579 et
1343 2524 1408 2579 dixit
1424 2542 1432 2579 ι
1448 2524 1579 2580 Habemus
1593 2526 1632 2579 bic
1645 2525 1828 2596 presbyterum,

212 2595 252 2650 bis
262 2595 379 2665 elogium
392 2595 452 2663 ejus
460 2593 574 2648 absoluit
589 2591 690 2647 Plinius
704 2591 751 2645 lib.
762 2607 788 2653 r.
799 2607 858 2662 cop.
872 2593 899 2650 2.
914 2594 995 2664 Oppi·
1045 2609 1106 2647 nuni
1128 2602 1152 2648 ct
1174 2596 1308 2665 episcopus
1322 2594 1358 2649 ibi
1377 2596 1440 2663 suit,
1454 2595 1530 2650 niodo
1544 2596 1680 2665 defunctus
1693 2605 1743 2659 ert,
1759 2605 1783 2650 et
1801 2597 1830 2649 in

212 2666 272 2719 duni
290 2667 324 2719 itt
340 2664 528 2719 ccleimrimum
541 2662 674 2725 Cucurrit,
695 2671 771 2716 orites
790 2668 925 2717 uocitatum
937 2663 993 2734 lul,
1045 2662 1101 2717 loco
1115 2666 1171 2734 ejus
1186 2665 1291 2719 necdum
1306 2674 1344 2720 cst
1356 2666 1498 2720 ordinatus.
1519 2666 1655 2720 Aurelium
1670 2674 1758 2723 autem
1773 2665 1830 2720 lia·

211 2734 286 2790 iube
298 2736 380 2806 regio,
398 2733 484 2788 ndioo
494 2732 604 2788 Claudio
620 2733 727 2787 colonioe
739 2733 797 2794 iure
815 2733 909 2788 donatii
922 2738 993 2805 riur-
1044 2736 1175 2789 coinudire
1199 2735 1344 2791 Numidieu
1366 2737 1519 2805 episcopum
1552 2736 1633 2791 luisse
1656 2735 1829 2806 probavimus

210 2804 268 2860 deiri
278 2809 355 2878 jussu
368 2804 484 2858 deductis
497 2803 629 2857 numanis.
643 2802 746 2858 Dicitur
759 2816 775 2856 a
787 2801 931 2859 Ptolemaeo
947 2807 992 2861 lib.
1044 2818 1126 2874 snpra
1138 2805 1165 2859 iri
1178 2806 1247 2860 notis
1256 2806 1289 2862 sd
1299 2806 1375 2862 istius
1386 2806 1529 2875 provincie
1541 2807 1682 2876 episcopos
1694 2820 1768 2861 num.
1781 2807 1827 2865 tlt.

209 2873 408 2947 ii,csp.t,lol
422 2873 557 2936 Cursorem
577 2872 758 2928 abAntonino
780 2873 896 2928 Coecnrrn
921 2875 994 2932 Coto·
1044 2874 1098 2929 Sed
1112 2886 1209 2944 preter
1233 2876 1281 2931 luis
1302 2891 1396 2932 omnes
1409 2876 1539 2932 ltaliemus
1560 2877 1647 2931 adhuc
1670 2878 1826 2946 episcopum

209 2947 295 3011 uio;a
310 2944 457 3013 Pomponio
469 2945 536 2999 llela
552 2942 598 2998 lib.
613 2959 632 3009 t,
646 2958 706 3011 cap.
718 2944 745 3008 6,
760 2941 804 2999 lul
815 2945 849 2998 nd
859 2961 928 3000 mare
943 2948 992 3001 nli·
1046 2946 1196 3015 liquentem
1215 2960 1247 3001 es
1261 2947 1425 3015 cottatione,
1448 2946 1508 3016 qui,
1531 2956 1559 3001 nt
1579 2947 1693 3011 videtur,
1717 2945 1830 3015 bnjusee

226 3018 311 3071 trundo
324 3015 456 3087 ignobdiu,
476 3032 543 3068 nunc
555 3016 615 3085 quin
628 3012 702 3067 lulio
716 3018 784 3084 regio
806 3015 866 3083 iiiii,
889 3028 912 3070 ct
926 3019 995 3087 quod
1046 3017 1177 3082 Arusinis
1193 3015 1356 3071 llatiritanite
1370 3017 1444 3070 urbis
1454 3017 1593 3099 episcopus
1604 3015 1662 3071 luit.
1677 3017 1700 3069 ls
1713 3025 1754 3069 est
1766 3014 1830 3069 Hel·
1907 3065 1913 3075 ,

208 3032 326 3142 iciuraa
344 3086 470 3140 occitutur
492 3086 612 3138 illustris.
638 3082 735 3139 Bocelii
758 3094 867 3154 'quoque
893 3094 993 3156 regium
1045 3085 1131 3156 pidiur
1143 3086 1275 3157 episcopus
1285 3086 1365 3155 plebis
1377 3087 1498 3156 Aquensis
1509 3100 1623 3156 quicum
1640 3085 1678 3139 lie
1696 3093 1768 3137 orato
1779 3099 1829 3140 suo

208 3157 290 3212 luisse
302 3156 439 3212 contendit
453 3155 572 3211 Solinus.
592 3152 681 3218 Prius,
698 3155 782 3223 innuit
794 3170 852 3225 cap.
867 3154 913 3223 28,
929 3157 994 3213 Boc·
1044 3156 1198 3211 aduersario
1217 3172 1276 3226 rap.
1293 3158 1344 3213 135
1362 3158 1511 3211 recensitus
1531 3166 1587 3223 est;
1611 3156 1655 3228 qui
1679 3104 1829 3225 fieparatns

208 3228 341 3299 enitentia,
354 3227 514 3295 postmodum
524 3226 599 3279 luite
609 3224 770 3292 indulgentia
784 3227 872 3294 populi
884 3227 994 3284 Romani
1045 3226 1141 3282 iteruin
1158 3228 1227 3282 inter
1247 3228 1396 3282 bonatistus
1410 3228 1490 3297 capit.
1503 3228 1553 3281 illi
1566 3227 1726 3297 comparuit.
1742 3225 1829 3307 Agunt

208 3298 277 3351 dono
287 3299 358 3352 dur.
371 3296 494 3352 biritona
504 3295 634 3365 Procopio
642 3296 787 3368 pupulascit
796 3299 995 3375 πολυάνθρωπος
1007 3299 1032 3364 c
1046 3297 1115 3352 inter
1135 3295 1245 3352 Suissar
1263 3306 1290 3351 et
1312 3297 1396 3367 ipsam
1412 3297 1561 3352 Caesaream
1586 3297 1664 3352 baliet
1679 3297 1829 3351 Antoninus

208 3370 236 3424 tx
248 3370 357 3425 παλαιοῦ
370 3362 446 3423 οὖσα.
461 3364 579 3420 Caeteros
600 3368 724 3433 prolanos
737 3367 830 3420 omitto
851 3369 894 3433 uiui
917 3369 993 3437 pluis
1046 3368 1073 3421 in
1090 3367 1245 3433 itinerario,
1270 3369 1312 3422 cui
1330 3369 1389 3421 loeo
1404 3368 1508 3422 uidetur
1533 3368 1665 3434 Antiensis
1688 3367 1829 3436 episcopus

209 3438 243 3492 de
257 3439 306 3492 liae
316 3439 383 3494 urbe
395 3446 603 3506 congesserunt:
618 3451 678 3505 gnie
699 3437 778 3491 bntlie
803 3450 938 3505 superest,
965 3451 994 3497 iit
1046 3438 1089 3491 liic
1102 3438 1264 3492 nie'nioratus
1278 3438 1425 3509 pretuirse.
1441 3439 1573 3492 Caeterum
1587 3438 1616 3491 ll.
1631 3437 1661 3492 C.
1677 3437 1829 3508 Steplinitus

208 3510 300 3564 multis
313 3511 413 3578 placet,
429 3509 479 3561 sub
493 3506 591 3575 Algerii
605 3506 724 3570 nornine,
735 3506 848 3561 celebris
863 3512 936 3578 regni
948 3525 994 3565 eos
1045 3507 1168 3562 Baluains
1181 3511 1273 3563 urlietn
1288 3512 1439 3575 Aquensetn
1455 3510 1497 3563 liic
1513 3508 1646 3563 laudatam
1665 3523 1723 3563 eain
1743 3507 1829 3576 ipsunt

209 3581 343 3648 gnominis
354 3586 448 3646 caput:
459 3592 536 3643 quain
553 3586 639 3631 tamen
650 3577 802 3643 opinionem
814 3577 925 3633 Samson
939 3583 995 3636 alii·
1044 3591 1104 3632 esse
1116 3587 1209 3633 censet
1229 3580 1354 3632 ciuitatem
1368 3579 1389 3631 A
1408 3579 1511 3633 ulturus
1524 3578 1599 3648 cujus
1613 3577 1741 3633 Crescens
1756 3580 1781 3630 in
1797 3576 1829 3631 li·

207 3649 414 3719 qtiugeograpbi
425 3648 521 3702 eruditi
531 3647 741 3717 rejitiunt.tllim
750 3647 834 3701 sititis
845 3658 902 3702 erat
914 3654 993 3706 totius
1045 3648 1094 3701 bro
1109 3663 1116 3703 ι
1131 3648 1253 3703 Historiae
1266 3648 1380 3704 Victoris
1390 3595 1528 3714 cinensis,
1541 3663 1652 3703 nurnero
1665 3650 1682 3704 7
1698 3645 1828 3718 Metropo-

207 3721 353 3788 prnuinciac
372 3717 538 3787 metropolis,
559 3718 629 3784 quod
650 3732 746 3771 nometi
766 3718 799 3771 ud
814 3719 872 3788 ejus
886 3735 993 3790 quoique
1044 3719 1139 3772 litnnur
1161 3720 1240 3772 luisse
1255 3720 1360 3774 dieitur.
1383 3718 1440 3786 Qua
1461 3720 1542 3775 dere
1563 3720 1636 3788 plura
1659 3718 1775 3773 diximus
1801 3718 1829 3771 itt

207 3790 363 3858 episcopum
378 3788 513 3842 transtullt
524 3798 633 3842 sanctus
644 3787 817 3855 Augustinus,
833 3791 888 3856 qui,
901 3792 992 3859 utiam
1044 3791 1114 3843 notis
1128 3790 1160 3841 od
1176 3790 1246 3843 linnc
1260 3790 1374 3844 Victoris
1391 3794 1494 3854 iocum,
1516 3803 1589 3843 num.
1600 3788 1646 3842 tit.
1657 3786 1737 3844 Certe
1749 3788 1829 3851 Anni·

207 3861 273 3914 alias
287 3858 499 3922 observavimus,
524 3857 669 3911 tremulum
683 3857 828 3928 ιριιιοριιηι
844 3863 991 3930 iiictrnpoli·
1044 3859 1144 3913 initiali
1157 3862 1236 3926 Agnus
1249 3859 1276 3913 in
1290 3859 1376 3913 Callia
1390 3860 1452 3914 dicti
1472 3869 1551 3926 sunt,
1566 3868 1595 3912 ut
1607 3859 1732 3912 observat
1746 3858 1828 3911 loan-

207 3937 296 3983 ttrmrm
304 3928 484 3984 Coesurienrem
497 3928 614 3997 appellat
629 3927 704 3982 initio
715 3928 775 3981 libri
786 3926 918 3985 deGestis
932 3947 992 3985 ciim
1044 3943 1093 3982 nes
1115 3929 1265 3984 llarduiuus
1278 3931 1305 3983 iii
1320 3928 1388 3985 libro
1403 3944 1429 3985 ir
1444 3926 1536 3993 Plinii,
1559 3942 1618 3996 cap.
1642 3928 1685 3993 tt,
1706 3927 1751 3996 uni
1766 3926 1828 3982 idun

208 3999 330 4055 ilnterito
354 3998 512 4055 cesariensi
539 4000 736 4053 Donatistarum
756 4000 892 4066 epi-copo.
910 4001 993 4056 Porro
1044 3997 1226 4053 indifferenter
1243 3999 1371 4069 Agueuser
1386 4005 1413 4053 et
1424 3999 1557 4067 Aquiloni,
1574 4007 1602 4050 ut
1616 3997 1673 4051 uult
1689 3996 1827 4062 baluzius,

205 4066 252 4125 laic
263 4070 400 4125 Emeritos
412 4083 481 4122 unus
492 4082 509 4122 e
520 4077 623 4135 septem
634 4067 682 4121 init
694 4068 902 4138 episcopisquos
910 4069 995 4125 liniis·
1043 4069 1208 4123 dicebantur.
1221 4069 1329 4124 Buluzio
1339 4070 1419 4124 etiam
1434 4068 1522 4131 lauet,
1539 4067 1610 4137 quod
1623 4065 1752 4121 Crescens
1763 4081 1826 4119 ceri·

205 4148 277 4195 tistae
293 4155 344 4210 pro
356 4154 412 4194 stre
423 4152 511 4192 cataste
519 4139 676 4192 defensione
686 4140 786 4205 agenda
803 4140 829 4192 in
845 4140 993 4197 collatione
1044 4148 1098 4193 tum
1110 4146 1135 4193 et
1150 4140 1239 4210 uiginti
1257 4139 1382 4222 episcopii
1403 4137 1539 4206 prteloisse
1561 4136 1665 4190 dicatur
1687 4152 1694 4188 ι
1716 4134 1828 4190 totidem

205 4208 574 4281 Carthaginensielegerant,
589 4208 743 4278 quipussim
762 4208 832 4263 inea
849 4210 994 4265 intrrlneo-
1044 4208 1114 4263 enim
1137 4208 1302 4265 Alioritaniai
1316 4208 1487 4265 Caesariensis
1505 4205 1637 4261 nntistites
1653 4204 1827 4287 babentnrln

204 4287 249 4334 tos
263 4283 375 4350 legitur.
393 4280 465 4334 ldent
480 4293 597 4347 present
608 4286 666 4332 erat
677 4294 738 4330 cuni
753 4280 834 4332 totius
849 4281 993 4348 provincie
1043 4278 1150 4345 Notitia,
1173 4287 1270 4347 preter
1283 4294 1330 4335 ier
1349 4278 1413 4333 alias
1426 4278 1519 4347 sedes,
1537 4291 1597 4347 quse
1612 4285 1675 4332 tnnc
1692 4284 1824 4347 temporis

203 4349 343 4420 episeopis
357 4359 383 4404 et
398 4363 519 4403 nmrersa
531 4349 617 4418 plebe,
634 4348 741 4417 quando
760 4352 922 4418 Augustinus
936 4367 995 4407 ser·
1042 4351 1184 4419 episcopos
1197 4364 1249 4403 non
1262 4350 1404 4406 habebant.

202 4435 314 4475 monem
332 4419 423 4474 lubuit
435 4420 504 4488 aptid
517 4420 677 4485 Cossoreani,
690 4431 866 4484 uiiemtotuur,
880 4430 911 4475 tit
924 4423 993 4491 ipse·
1078 4419 1123 4475 ut.
1144 4419 1371 4476 Munusrtesusis.
1392 4418 1437 4473 Sic
1455 4433 1520 4475 mss.
1535 4427 1563 4474 et
1575 4418 1652 4473 editi.

203 4500 260 4545 met
277 4493 445 4560 Augustinus
466 4490 547 4544 relect
570 4490 638 4543 libro
654 4487 913 4545 riiietraetationnm
930 4507 991 4562 rap.
1077 4491 1123 4546 Ad.
1146 4490 1338 4545 ltoiciritnus.
1364 4490 1455 4546 Eidem
1480 4488 1537 4545 urbl
1566 4485 1670 4559 piteluit
1694 4503 1727 4545 eit
1753 4497 1828 4557 porte

201 4561 248 4627 si,
266 4578 320 4614 non
335 4562 464 4613 inuenietis
475 4560 535 4629 quid
546 4576 586 4614 ιιι
606 4559 719 4620 ondrret,
733 4557 860 4614 Emeritos
870 4571 992 4633 tunquam
1043 4562 1137 4618 Donati
1162 4559 1261 4633 lliggin
1284 4562 1416 4630 episcopus
1444 4558 1610 4631 Vogulitunus
1630 4560 1657 4613 in
1681 4559 1828 4614 Collatinos

201 4645 292 4685 mutus
309 4632 417 4684 audiuit.
433 4635 468 4683 At
482 4641 556 4696 uero,
581 4578 716 4683 ὅιιιιιὶιιι
728 4630 850 4699 ejusdem
861 4634 934 4686 urbis
946 4649 991 4688 ca·
1004 4660 1033 4721 D
1044 4632 1245 4701 Carthaginensi
1260 4646 1320 4699 cap.
1333 4631 1387 4686 208
1405 4634 1564 4685 recensitus.
1580 4629 1664 4701 Vngui
1674 4631 1743 4685 inter
1755 4629 1828 4684 blatr-

199 4701 323 4756 tbolicos
335 4703 477 4769 opiscopus
497 4700 524 4753 in
543 4700 636 4754 eudem
656 4701 803 4756 Collotione
824 4714 893 4756 unus
912 4704 991 4758 inite
1044 4703 1147 4758 ritaniae
1161 4701 1258 4768 oppidu
1272 4710 1401 4756 meinorat
1412 4700 1562 4755 Antoninus
1575 4703 1600 4754 in
1616 4700 1766 4755 ltrnerario.

199 4772 364 4835 custoditius
384 4770 552 4825 tabularum:
576 4770 710 4838 simulque
732 4781 939 4838 comparuerunt
961 4785 990 4828 et
1079 4772 1123 4826 ut.
1144 4771 1321 4826 Troistritnos.
1336 4771 1520 4825 lamridimus
1535 4774 1605 4825 inter
1623 4770 1752 4825 Numidiae
1771 4771 1828 4839 epi·

199 4856 263 4897 sese
280 4844 396 4896 inuicem
416 4849 582 4908 agnoverunt
594 4855 653 4905 cup.
674 4838 734 4894 lte.
748 4840 879 4896 Caeterum
891 4858 925 4899 ex
938 4843 990 4899 linc
1043 4856 1139 4912 scopos
1162 4856 1236 4896 tium.
1256 4842 1290 4897 89
1313 4841 1479 4913 Tirigitnituni
1501 4841 1671 4910 episcopum,
1690 4855 1744 4910 quo
1767 4841 1827 4897 inco

198 4911 312 4966 iiotittae
323 4912 384 4966 loco
400 4912 457 4964 laist
473 4908 644 4966 conuincitur
657 4924 749 4964 eorutn
772 4912 863 4980 opinio
876 4916 921 4982 qui
939 4928 988 4982 pu·
1042 4914 1181 4969 retulimus
1192 4927 1223 4967 ea
1235 4925 1296 4981 titiae
1309 4912 1344 4966 de
1358 4925 1468 4981 utraque
1489 4911 1554 4966 urbe
1569 4912 1647 4982 1oe
1666 4911 1826 4979 cognomine

198 4984 296 5037 iubant
311 4994 361 5036 eos
374 4981 473 5037 Airiuie
488 4991 625 5049 primates,
640 4981 720 5033 etiam
734 4982 761 5036 in
776 4982 862 5036 aliiss
876 4997 990 5047 procun-
1041 4984 1168 5052 enlligcre
1188 4982 1260 5035 licuit
1275 4999 1283 5036 ι
1296 4997 1356 5051 quus
1369 4981 1504 5037 consulis.
1518 4981 1634 5036 Orleltus
1655 4978 1825 5052 Tigisitunum

196 5054 284 5107 sulari
303 5050 459 5122 prouinciis,
480 5066 530 5119 pro
543 5051 646 5106 redium
661 5065 769 5105 suarum
783 5052 921 5121 dignitate,
931 5059 988 5110 tion
1042 5062 1173 5109 memorat
1185 5062 1212 5106 et
1224 5049 1382 5120 Tigirtunum
1395 5066 1428 5106 ex
1444 5051 1565 5114 Victore,
1580 5062 1609 5104 ut
1623 5051 1750 5121 loquitur,
1767 5050 1827 5107 titi·

196 5134 266 5179 reru
280 5121 433 5177 secundnm
444 5121 621 5175 ordinationis
644 5130 748 5190 tenipus
763 5120 846 5176 inisse
857 5127 987 5179 constitu·
1042 5124 1126 5178 censi.
1144 5120 1215 5193 ligii
1230 5121 1300 5178 inter
1313 5122 1479 5176 llanritaniae
1492 5120 1664 5176 cesariensis
1684 5120 1765 5177 nrbes
1780 5123 1827 5176 br·

199 5201 242 5247 tos
255 5209 264 5248 ι
276 5206 341 5262 uirae
355 5192 474 5261 opinatio
484 5191 538 5260 lam
549 5193 583 5244 ub
594 5191 718 5245 omnibus
730 5193 839 5260 exploso
853 5204 904 5248 est.
1041 5194 1087 5249 bet
1110 5193 1270 5247 Ptolemaeus
1291 5192 1359 5247 libio
1382 5206 1419 5258 ru,
1441 5205 1500 5259 cap.
1512 5191 1540 5245 ι.
1557 5189 1665 5261 Tigisim
1677 5206 1827 5263 anonymus

231 5261 280 5317 22.
298 5261 522 5316 Rosoutuirtttus.
538 5260 659 5315 ιιιιιιιιιι
674 5262 743 5330 apud
757 5263 876 5316 llrteiunt
894 5280 926 5318 er
944 5265 989 5321 lli·
1042 5264 1181 5318 llaueunas
1197 5262 1241 5316 lib.
1256 5275 1301 5327 ιιι,
1317 5277 1391 5317 tinm.
1404 5268 1430 5315 ιι.
1448 5262 1540 5331 Aptum
1562 5259 1704 5330 Tigieiisenr
1719 5262 1745 5315 iii
1766 5261 1828 5316 Ciil-

195 5341 275 5390 etore
293 5333 415 5388 Uticensi
431 5347 481 5387 nis.
494 5343 668 5386 memoretur.
678 5332 838 5386 Ptolemaeos
849 5333 931 5389 ltabet
941 5334 988 5390 lib.
1040 5334 1139 5389 latione
1152 5331 1352 5402 Carthaginensi
1362 5346 1420 5399 cop.
1436 5330 1488 5385 titt
1502 5332 1656 5401 episcopum
1666 5329 1826 5386 cutliniicum

195 5418 231 5468 tr,
247 5419 312 5472 cap.
330 5406 357 5466 5,
373 5401 518 5465 llusi'cibur,
531 5404 593 5457 uide
611 5400 680 5455 inira
699 5403 775 5472 167
790 5405 916 5458 numll.
934 5403 989 5458 iiu-
1043 5405 1094 5458 linc
1116 5401 1237 5458 revocari
1258 5406 1356 5456 debere
1369 5409 1462 5456 censet
1475 5400 1560 5455 Lucis
1574 5402 1734 5456 llolstenius.
1751 5401 1827 5455 ilnnc

195 5470 987 5602 ’‘C‘'ttttiltiilsillt‘ltlllt'illitis
1042 5483 1130 5599 lli
1146 5471 1488 5598 litlialiliiiit
1502 5468 1766 5609 illinistis
1789 5470 1827 5524 ⁸³²

592 5561 607 5594 e
745 5559 772 5607 t,
796 5577 809 5598 t
850 5561 986 5601 urrunnun.
1064 5559 1175 5607 nuztti,
1430 5581 1437 5594 .
1738 5575 1746 5591 .

196 5615 369 5668 Purieirtaeus
381 5613 427 5664 liti.
441 5626 478 5674 ti,
491 5626 551 5679 cup.
571 5612 599 5675 i,
613 5622 743 5666 memorat
757 5613 827 5667 inter
841 5614 989 5685 Tingitanae
1076 5614 1123 5669 28.
1142 5612 1332 5668 Ftutsitnltbls.
1359 5612 1432 5667 lianc
1447 5613 1541 5666 urbem
1556 5624 1610 5665 nori
1638 5617 1767 5662 memorat
1777 5608 1827 5663 0r-

193 5686 327 5739 ciuitates
343 5682 447 5747 Subur,
464 5697 499 5737 eu
514 5696 565 5750 uua
581 5680 769 5736 Maximianum
791 5684 818 5737 in
839 5684 990 5742 Colioiiotte
1041 5686 1129 5752 telius,
1145 5684 1216 5752 quod
1228 5684 1256 5738 in
1268 5683 1417 5755 iragmenio
1428 5681 1528 5736 llalleri
1541 5680 1661 5736 iortussis
1674 5691 1727 5731 non
1744 5678 1843 5756 babo,

193 5756 328 5823 Cariliug.
346 5756 493 5821 episcopum
512 5752 697 5807 Suburt'tnnuni
713 5753 811 5807 uictum
828 5753 910 5810 luisse
922 5758 991 5811 scri·
1041 5764 1127 5813 reiut.
1838 5764 1844 5783 ⁸

194 5824 235 5880 bit
246 5824 369 5879 Carolus
385 5836 403 5877 a
423 5822 672 5877 &seroltmunt
687 5818 861 5878 liuuimiunur
880 5825 988 5881 Sutori-
1079 5826 1125 5881 ιιι.
1145 5824 1327 5881 llstniuiinsu.
1343 5821 1433 5879 Codes
1443 5820 1553 5886 llolleri,
1569 5818 1745 5874 ilridnuentir.

195 5909 275 5956 torius
290 5900 381 5956 utilius
389 5903 431 5951 ιιι
440 5895 467 5949 in
478 5892 626 5949 Collatinus
638 5893 764 5960 Cartbug.
776 5894 840 5951 ilum
854 5896 988 5951 liaritnina
1078 5897 1121 5952 ill.
1144 5895 1405 5952 lliniisuzcntrirtus.
1421 5892 1465 5945 Sir
1480 5890 1544 5945 editi
1559 5897 1586 5945 et
1600 5900 1664 5944 nus.
