4062 6350
241 339 295 399 855
852 330 882 389 S.
901 328 1024 389 lalls'll
1040 326 1245 392 llllddlllisls
1813 345 1870 405 836

239 454 333 510 Tristis
353 462 391 508 est
413 463 499 507 corma
519 463 576 505 mec
594 462 673 520 atquc
683 447 719 502 od
732 453 856 513 arctoas
867 448 944 520 guasi
958 448 1028 505 Deus
1040 448 1069 511 Α
1080 447 1162 506 batus
1175 463 1240 521 ergo
1251 463 1283 506 cr
1296 447 1451 522 llininitate,
1462 456 1542 509 natus
1554 463 1589 509 ex
1600 452 1719 525 Virgine,
1734 461 1869 530 uatnasgul

239 544 445 610 contestabatur,
463 542 617 598 Potcrtctem
637 541 717 596 bolso
729 540 841 610 pomudi
854 556 922 608 com,
940 549 965 596 et
978 556 1028 613 po·
1077 540 1188 597 sentiret
1200 554 1336 609 oceasum,
1350 542 1428 599 datus
1438 545 1484 615 gni
1493 543 1608 601 nesciret
1617 546 1769 606 exordium.
1780 549 1868 607 Natus

238 650 354 697 tarmen
372 637 452 692 baleo
469 636 563 690 iterum
583 634 701 689 sumendi
722 650 778 689 enm
792 634 883 708 (ioca.
908 649 942 702 a,
967 631 1025 707 li).
1075 632 1120 702 qui
1143 639 1171 688 et
1192 640 1278 691 matre
1299 643 1371 691 esset
1389 634 1497 704 iunior3
1520 636 1599 693 datus
1620 645 1649 694 et
1662 652 1715 710 guo
1726 654 1778 699 nec
1791 653 1869 714 pater

237 728 388 787 &cundum
402 726 492 783 carnis
501 734 624 782 naturam
637 725 666 782 in
677 738 757 783 cruce
768 725 913 796 pendebat,
928 738 1025 782 seeun-
1075 731 1148 780 esset
1168 723 1301 795 annuatur
1325 742 1333 780 r
1354 733 1433 782 uatus
1456 728 1701 801 quilmorcreturp
1718 732 1797 790 datus
1818 751 1867 805 per

161 828 165 835 '
236 825 299 880 dnm
321 819 466 876 divinitatis
489 819 665 877 substantiam
688 817 841 889 paradisum
863 827 891 874 et
909 832 1022 890 regnum
1075 831 1154 889 quem
1168 818 1221 873 rita
1235 828 1431 876 renasceretur.
1444 820 1867 893 lllicdomluatur,bicbumilia-

234 913 348 970 coeleste
363 911 489 969 donabat.
508 910 565 967 lloc
579 908 671 966 amani
686 908 829 967 obscurato
841 908 935 974 corde,
949 908 1026 979 peni·
1075 915 1138 977 tur;
1151 909 1201 966 sibi
1223 918 1328 982 regnat,
1344 919 1371 968 et
1384 911 1450 987 milri
1463 914 1570 971 militat.
1595 914 1814 973 Perusinorum
1827 928 1867 975 eat

235 1010 278 1058 tus
290 1014 344 1058 non
357 1000 490 1067 ridentes,
502 1001 565 1071 guia
575 998 786 1070 praesumptiosa
799 998 881 1055 elatio
893 996 1022 1055 subaudit
1074 1002 1157 1071 nobis,
1175 1003 1245 1073 filius
1264 1004 1339 1059 dutus
1353 1013 1391 1060 eat
1406 1007 1478 1063 noma
1493 1004 1539 1063 te't
1557 1008 1641 1079 {octus
1649 1019 1688 1064 aar
1706 1010 1866 1083 principatur

233 1095 332 1151 mentis
344 1092 481 1160 intuitum,
496 1091 530 1147 ad
543 1090 639 1158 baum,
655 1096 807 1161 quaerant
823 1089 940 1145 bominis
949 1097 1024 1146 rotu-
1073 1110 1149 1166 super
1158 1097 1292 1153 dammas
1301 1098 1544 1169 amitanttestum
1551 1099 1687 1159 bominem
1697 1103 1866 1160 demonstrat

233 1187 334 1255 lerunt,
356 1184 498 1241 credemus
511 1183 581 1255 quod
604 1181 693 1237 minor
715 1180 868 1251 loqueretur
882 1180 1020 1251 divinitas,
1074 1186 1217 1257 humerum
1229 1190 1354 1255 latentem
1365 1191 1760 1267 Denmloquiturprincipatus.
1772 1199 1865 1268 ligno-

233 1277 278 1335 ubi
291 1277 349 1333 sola
362 1275 478 1332 bominis
498 1272 731 1329 demonstrabatur
748 1270 901 1326 indrmitas.
914 1269 1021 1328 Nullam
1072 1293 1118 1337 sce
1138 1281 1270 1351 duplicem
1284 1282 1334 1338 sub
1358 1297 1480 1352 personae
1494 1284 1597 1342 unitate
1618 1287 1807 1344 substantiam.
1824 1288 1864 1346 lie

233 1377 364 1441 pouetttes
388 1344 460 1423 iuter
478 1364 600 1422 coelestia
624 1370 652 1419 st
676 1372 782 1418 terrena
799 1360 943 1427 rationem,
958 1361 1022 1417 dum
1072 1381 1217 1430 nostroest
1229 1375 1298 1445 quod
1309 1376 1646 1447 apprehendissemus
1660 1379 1863 1452 quoodonartt,

232 1468 342 1517 mmm
356 1459 384 1514 tn
399 1458 455 1514 Das
468 1444 497 1513 ἐι
509 1454 618 1511 bomine
630 1453 697 1510 duas
710 1452 832 1523 tetiam
852 1453 958 1521 bollini»
973 1451 1022 1509 ⁰⁰5
1072 1465 1108 1523 de
1121 1476 1213 1523 nostro
1227 1466 1320 1523 babuit
1332 1467 1403 1525 node
1415 1468 1540 1536 caderet,
1555 1470 1590 1527 do
1603 1484 1653 1527 suo
1666 1471 1739 1529 unde
1749 1485 1851 1530 consur

231 1549 409 1608 substantiam
441 1546 612 1611 diviserunt;
637 1553 665 1602 ct
687 1542 751 1600 dum
770 1542 804 1599 ad
827 1543 885 1600 sola
905 1542 1021 1601 bominis
1071 1564 1156 1627 geret.
1172 1557 1210 1613 lle
1224 1564 1317 1614 nostro
1327 1557 1421 1615 babuit
1434 1560 1505 1617 unde
1525 1575 1574 1630 pro
1587 1560 1666 1617 nobis
1679 1563 1812 1632 solverem
1828 1563 1862 1622 de

231 1644 315 1701 uerba
338 1641 493 1712 respiciunt,
515 1639 599 1696 boum
622 1638 667 1708 gui
690 1638 784 1709 gloria
807 1637 945 1708 plenitudo
966 1646 1018 1707 est,
1071 1662 1121 1704 suo
1135 1647 1207 1706 undo
1224 1651 1331 1719 penitus
1345 1651 1373 1705 in
1387 1650 1461 1707 nullo
1475 1650 1580 1709 debitor
1593 1661 1744 1725 appareret.
1760 1656 1801 1712 oe
1812 1670 1862 1713 uo-

230 1735 385 1791 intellectus
406 1732 507 1788 lumine
520 1730 705 1801 perdiderunt.
728 1730 768 1786 bc
790 1728 850 1796 sic,
871 1730 916 1801 qui
936 1729 1019 1787 Deum
1070 1740 1209 1795 strounde
1224 1740 1435 1812 crncillgeretur,
1451 1741 1485 1798 de
1504 1756 1554 1798 sno
1569 1744 1640 1801 unde
1652 1744 1861 1816 glorificaretur.

232 1827 329 1883 Filium
345 1806 462 1882 bomin‘is
474 1823 637 1882 credendum
651 1822 775 1892 denegat,
788 1821 904 1878 Nestorii
924 1822 1020 1892 impie-
1031 1813 1058 1878 it
1070 1828 1109 1886 lle
1121 1840 1214 1887 nostro
1225 1831 1301 1888 dedit
1314 1833 1416 1903 peccati
1432 1834 1556 1902 bostiam,
1566 1834 1601 1891 de
1613 1848 1674 1904 suo,
1688 1836 1861 1908 indulgentia

143 1944 146 1953 ‚
231 1924 288 1973 tate
301 1915 468 1972 maculatura
484 1915 530 1985 gui
543 1913 609 1971 duas
620 1913 783 1971 substantias
796 1913 824 1968 in
838 1912 1020 1984 Redemptum
1070 1922 1311 1995 tribuitgratiaru.
1327 1924 1469 1982 Dertostro
1483 1925 1573 1996 itaque
1595 1926 1861 1997 bumiliatio,desuo

231 2017 285 2065 non
310 2006 410 2073 eredit,
435 2005 492 2062 Ᾱῐῑῑ
516 2005 611 2077 lil¹¹⁰⁰
630 2005 759 2075 dicibili
782 2004 938 2063 i⁰l⁰lli²⁰h
964 2007 1019 2064 ΝΜ
1069 2029 1130 2073 asse
1143 2017 1272 2088 probatur
1284 2018 1568 2077 ascensiulienostro
1580 2021 1678 2079 obtulit
1687 2022 1859 2094 s‘acridcinm,

231 2111 309 2164 roro,
323 2096 360 2151 mi
381 2095 464 2150 irater
488 2094 636 2161 carissime,
658 2093 686 2148 lu
706 2091 841 2150 Christum
865 2094 961 2162 Deum,
981 2096 1019 2153 ita
1071 2108 1296 2167 desusceptum
1318 2111 1466 2181 praemium.
1483 2110 1600 2168 Duarum
1623 2127 1688 2186 crgo
1702 2122 1859 2176 naturarum

229 2187 349 2258 pellecta
374 2194 401 2243 Θῑ
417 2184 591 2257 inseparabili
611 2184 784 2242 distinctione
806 2185 965 2258 eredimus,
989 2195 1020 2245 ut
1069 2216 1162 2271 capax,
1178 2202 1259 2259 homo
1273 2202 1471 2260 infirmitatibus
1489 2205 1652 2275 agnoscitur,
1667 2206 1737 2263 Deus
1751 2208 1859 2265 virtuli.

228 2276 278 2335 Dei
300 2287 328 2334 et
350 2277 470 2334 liminii
496 2277 644 2348 simplicem
671 2291 812 2347 lemnii)
836 2289 864 2335 0²
884 2278 1018 2352 filistiim
1068 2293 1120 2349 bos
1134 2295 1306 2368 approbatur.
1329 2295 1404 2366 Piget
1421 2310 1574 2352 sermonem
1585 2304 1641 2352 tam
1651 2298 1857 2357 manitmturei

229 2371 385 2427 noverimus
405 2382 467 2425 esso
479 2367 666 2424 substantiam·
688 2367 866 2426 &minimi
880 2379 1017 2441 flifflillli
1068 2389 1217 2445 assertione
1238 2388 1397 2459 producere.
1422 2388 1485 2446 Scio
1504 2390 1579 2459 guod
1592 2389 1650 2445 bae
1668 2390 1727 2461 ipsa
1741 2392 1857 2450 breviter

228 2461 366 2516 bominem
387 2459 460 2525 sitii,
476 2458 513 2514 lii
533 2459 658 2515 dilissiili
679 2469 707 2516 θῑ
720 2460 872 2516 bilbilim
896 2476 963 2518 ”¹¹⁰⁸
976 2472 1018 2520 0⁸²
1068 2480 1235 2552 strictimque
1243 2489 1576 2549 commemorata,tomere
1585 2484 1724 2539 committo
1735 2483 1779 2540 rel
1789 2486 1856 2541 mma

230 2552 360 2609 cbristus.
386 2551 427 2607 Tu
439 2561 529 2608 autem
549 2552 621 2622 duod
633 2553 740 2623 semino
753 2567 846 2610 irwle
865 2564 1017 2625 limenius
1067 2569 1188 2637 epistolis
1200 2570 1241 2625 uel
1255 2570 1378 2626 sensibus
1391 2571 1453 2626 tuls.
1466 2570 1521 2628 Sed
1535 2570 1597 2626 dum
1613 2580 1639 2627 tc
1659 2572 1693 2627 ad
1704 2573 1852 2646 interroga·

229 2641 399 2699 scribendttm
415 2643 523 2713 liutadi,
536 2642 709 2699 subditarum
719 2655 873 2701 nimiarum
884 2656 1017 2704 0⁰¹1l0¹l¹1¹
1068 2663 1147 2719 tionis
1171 2664 1356 2729 salubritatem
1381 2666 1494 2722 sollicita
1520 2666 1669 2723 bumilitate
1697 2666 1854 2733 submittis,

227 2732 328 2801 suscipi
343 2747 396 2789 nun
420 2732 537 2803 debere,
559 2742 589 2789 nt
602 2734 683 2802 Deus,
698 2744 776 2806 patet
797 2736 912 2793 hominis
926 2739 972 2807 ⁸5¹.
987 2747 1017 2796 ¹¹²
1067 2754 1178 2809 multum
1202 2755 1268 2810 mibi
1286 2755 1320 2813 de
1342 2759 1443 2813 erroris
1465 2757 1544 2829 hujus
1566 2757 1686 2815 remedio
1707 2757 1852 2827 polliceris.

228 2824 327 2894 bomo,
350 2834 436 2882 mater
459 2826 508 2882 liei
527 2825 583 2882 sit:
597 2841 663 2893 nos,
689 2842 768 2883 unam
780 2828 828 2885 liei
848 2829 1017 2903 nominisque
1067 2842 1754 2919 Revoca,guasmabhoediscriminepedemtbum,
1768 2849 1854 2919 prius·

226 2930 371 2987 personam
393 2915 553 2973 fiducialiter
565 2926 594 2973 ol
617 2917 761 2975 salubriter
774 2928 926 2978 asserentes
939 2921 967 2977 iu
982 2936 1015 2978 2⁰
1066 2945 1145 3005 qnam
1167 2937 1194 2991 in
1216 2936 1377 3006 profundum
1400 2939 1579 2996 irrevocabile
1597 2940 1721 2996 emtionis
1734 2946 1855 2997 torrento

228 3008 273 3078 gui
286 3015 344 3063 erat
357 3007 384 3061 in
399 3008 540 3079 principio,
552 3017 580 3065 et
593 3009 639 3080 qui
652 3011 704 3068 snb
712 3012 902 3086 redemptionis
915 3025 1014 3072 nostrae
1065 3027 1177 3097 rapiaris
1190 3046 1196 3083 :
1210 3038 1238 3084 et
1247 3039 1349 3084 mutuus
1359 3030 1439 3085 :urrinni
1452 3034 1613 3104 serrsnnrqni
1627 3032 1854 3090 multaetattonts

228 3105 348 3168 tempore
371 3099 559 3155 lactusestirl
579 3100 778 3159 similitudinem
802 3107 1010 3177 carnispeccati‚
1067 3119 1170 3189 pondus
1188 3134 1241 3176 non
1263 3121 1388 3189 sustinet,
1404 3125 1542 3179 neenovlt
1563 3124 1714 3182 thesaurum
1729 3123 1852 3180 scientim

228 3187 256 3248 id
266 3198 317 3253 est,
327 3190 354 3244 in
364 3189 478 3257 veritate
490 3190 617 3260 bominis,
628 3201 656 3247 et
665 3194 839 3251 similitudine
848 3199 1013 3267 peccatoris:
1027 3167 1051 3233 C
1067 3209 1236 3280 dispensare,
1251 3215 1336 3284 magis
1350 3215 1447 3270 laboris
1457 3219 1633 3286 occupatione
1648 3220 1757 3290 castiga.
1769 3218 1853 3273 Tum·

229 3293 278 3334 nos
291 3280 421 3351 (inquam)
436 3283 473 3337 ita
488 3284 573 3338 lleum
589 3292 690 3353 patrem
704 3286 819 3344 bominis
831 3291 881 3346 surb
895 3307 1015 3361 personas
1067 3317 1131 3371 pera
1150 3304 1353 3361 immoderatum
1374 3308 1546 3365 abstinentias
1559 3310 1687 3381 rigorem,
1712 3313 1757 3383 qni
1771 3311 1853 3368 etiam

229 3369 330 3423 unitate
340 3376 479 3438 testamur,
490 3372 559 3426 sicut
568 3374 618 3429 sub
625 3374 745 3442 ejusdem
756 3379 866 3435 unitatis
877 3384 1015 3454 amplexu,
1066 3393 1148 3447 menti
1171 3404 1282 3463 generat
1298 3396 1494 3467 inllrmitatcm;
1516 3415 1596 3470 quem
1614 3410 1678 3471 puto
1690 3401 1752 3457 inde
1767 3403 1852 3469 nasci,

228 3438 341 3521 l‘latrom
365 3460 413 3516 liei
442 3461 577 3520 bominem
604 3464 781 3535 eonfitemur,
803 3469 878 3539 juxta
901 3474 1015 3543 symboli
1067 3480 1137 3536 unde
1153 3483 1286 3539 scribendi
1307 3488 1552 3558 praeumptionem.
1572 3490 1724 3563 llegredere
1737 3493 1770 3548 ad
1783 3493 1853 3551 niam

228 3551 415 3608 auctoritatem
439 3555 480 3626 (nt
494 3553 545 3610 alia
565 3557 788 3630 pretermittam),
803 3563 863 3632 quia
876 3563 989 3621 dicimus
1005 3586 1013 3624 ε
1066 3572 1176 3642 regiam,
1199 3575 1328 3630 nutricem
1340 3578 1465 3635 elationis
1480 3580 1573 3652 reluge
1587 3582 1810 3649 sollicitudinem
1825 3594 1853 3642 et

228 3640 316 3700 Credo
330 3653 357 3700 st
377 3644 405 3699 in
421 3644 516 3701 lilium
538 3646 585 3702 bei
610 3646 700 3704 lesum
727 3649 878 3725 Christum,
892 3656 937 3726 qui
951 3673 1015 3715 oon·
1066 3665 1126 3734 quia
1141 3666 1266 3737 legimns:
1280 3668 1441 3727 Monduccre
1450 3675 1501 3728 nael
1514 3675 1694 3743 molismum
1707 3688 1745 3734 est
1759 3679 1853 3735 boram

228 3745 323 3804 ceptus
334 3735 422 3793 ostde
434 3737 536 3807 spiritu
549 3747 653 3808 sancto,
668 3749 747 3798 natus
756 3757 790 3799 ex
802 3745 885 3802 llaria
896 3748 1012 3820 llirgine.
1065 3752 1155 3825 (Prou.
1168 3758 1233 3828 ¹¹25)
1246 3758 1343 3830 (tnagis
1357 3762 1428 3816 anim
1441 3762 1517 3831 inllat
1528 3778 1621 3835 parum
1634 3765 1776 3824 laudatum
1790 3783 1853 3827 sent·

227 3823 278 3891 Qui
292 3826 314 3879 si
330 3825 390 3882 talis
410 3840 486 3883 error
500 3835 553 3894 est,
569 3829 596 3884 in
611 3830 724 3888 liomlno
737 3832 877 3893 Salvatore
892 3853 972 3895 unam
987 3850 1014 3897 et
1064 3859 1123 3901 sum
1136 3846 1257 3916 scientia,
1267 3864 1347 3920 qnam
1359 3851 1496 3925 codidcat),
1505 3855 1543 3910 lta
1557 3870 1622 3912 care
1632 3858 1743 3915 nimiam
1758 3860 1852 3918 lectio·

226 3916 376 3989 simplicem
399 3920 544 3977 credidisse
562 3921 749 3995 substantiam,
772 3927 858 3996 qualis
872 3944 949 3986 error
959 3942 1011 4001 est,
1064 3940 1852 4021 nem,utcordiparumcapaci‚munnamsumptiimmode·

125 4048 133 4059 ,
226 4010 359 4079 duplicem
377 4015 526 4070 asseruisse
545 4017 704 4086 personam?
718 4016 785 4073 Nam
800 4019 823 4075 si
844 4021 870 4075 in
884 4023 1012 4079 societate
1063 4029 1145 4085 ratius
1155 4031 1211 4085 vini
1223 4032 1516 4099 periculosamnoreris
1526 4037 1696 4096 ebrietatem.
1707 4039 1850 4110 Nunquam

224 4101 313 4157 carnis
331 4113 496 4173 assumptas,
512 4089 623 4160 iornram
647 4106 737 4163 lamuli
752 4109 824 4166 Deus
843 4110 937 4177 induit,
951 4110 1012 4169 duaa
1062 4120 1268 4191 cogitationibus
1283 4127 1335 4179 tuis
1347 4125 1452 4194 credas,
1470 4127 1518 4184 sed
1531 4131 1616 4199 magis
1630 4130 1759 4188 imitanda
1776 4134 1851 4205 legas

224 4192 381 4247 snbstantias
404 4208 457 4248 non
483 4194 602 4251 luerunt.
625 4198 696 4267 Ergo
711 4199 737 4261 in
750 4189 860 4259 bomine
873 4208 943 4260 bens
957 4221 1010 4277 non
1062 4227 1141 4282 quam
1149 4214 1262 4284 legenda
1268 4216 1438 4285 conscribam
1450 4227 1478 4275 et
1491 4220 1517 4274 in
1527 4228 1619 4277 mente
1631 4229 1675 4276 tun
1683 4222 1803 4295 loquaris
1814 4226 1851 4281 ad

223 4281 284 4349 luit,
297 4291 488 4351 etreparataa
504 4283 558 4341 lieo
579 4301 695 4354 persona
714 4290 830 4347 bominis
849 4292 915 4359 iuit3
939 4299 1010 4351 acsi
1062 4302 1849 4388 Dominum,lncordemcooiscondieloguiutau,utnoapee-

223 4370 273 4426 sub
294 4372 341 4426 tali
354 4386 434 4427 sensu
457 4372 560 4430 videbis
574 4376 663 4433 subito
684 4389 807 4449 quartam
828 4386 920 4440 neseio
940 4388 1010 4444 unde
1061 4407 1114 4446 cem
1127 4394 1173 4448 tibi
1186 4391 1271 4465 (Paul.
1284 4397 1373 4467 artur).
1398 4399 1432 4455 Et
1445 4399 1594 4459 sieradcre
1614 4403 1734 4473 pericula
1747 4408 1849 4466 noum

222 4455 374 4516 adcrevisse
386 4475 546 4531 personam
562 4474 590 4520 et
604 4466 631 4520 in
650 4467 721 4525 bunc
739 4471 904 4529 intellectum
921 4478 1009 4545 pravi·
1062 4480 1126 4537 loris
1140 4484 1299 4555 ingruentia,
1314 4488 1362 4544 sod
1378 4489 1450 4546 lutus
1462 4503 1590 4565 concepta
1603 4495 1758 4565 desideras,
1779 4500 1848 4559 nibil

220 4548 285 4606 tatis
296 4554 485 4623 consequentia
505 4556 728 4639 praecipitaberis,
749 4571 778 4616 ut
789 4562 844 4631 jam
855 4579 908 4621 non
922 4567 1009 4626 Trini·
1061 4572 1108 4628 tibi
1123 4574 1214 4632 utilius
1235 4576 1305 4633 scias
1319 4593 1399 4660 qmm
1416 4584 1505 4642 utsub
1516 4586 1570 4642 alio
1582 4592 1848 4662 quocunqueproba-

222 4642 304 4697 tatem
325 4656 436 4700 necesse
449 4645 485 4701 sit
497 4648 629 4708 coniteri.
653 4648 721 4707 bodl
735 4652 1007 4725 potiusquemsrlmo-
1060 4663 1163 4720 tissima
1186 4664 1283 4724 abbate
1304 4670 1387 4727 vitam
1406 4680 1478 4732 tuam
1501 4678 1620 4751 munias,
1640 4694 1673 4737 ac
1694 4682 1848 4744 adnotatos

219 4732 284 4788 dum
297 4733 327 4791 S.
341 4733 442 4803 Esaias,
457 4736 583 4796 distincto
597 4741 692 4798 ordine
703 4743 900 4818 conjunctoque
913 4749 1006 4806 discri-
1059 4761 1118 4809 tuas
1129 4744 1243 4815 senioris
1254 4759 1357 4833 legibus
1368 4767 1470 4823 tradas.
1484 4768 1518 4825 Et
1532 4778 1563 4828 ut
1574 4771 1721 4831 adversarii
1732 4776 1847 4837 insidias

218 4823 311 4891 ruine,
335 4824 441 4881 Domini
470 4830 554 4886 nostri
578 4845 611 4888 ac
631 4831 817 4905 Redemptoris
839 4840 1004 4898 nativitatem
1058 4848 1144 4915 possis
1158 4864 1296 4922 superare,
1308 4863 1337 4911 te
1350 4858 1536 4929 scripturulam
1555 4863 1642 4934 ipsam
1655 4867 1841 4943 retinendam,

217 4912 342 4984 disponat
364 4931 371 4968 ε
391 4913 521 4973 Porsulae
544 4920 660 4995 (inignit)
680 4934 754 4981 notua
774 4936 812 4983 ert
831 4931 914 5000 nobb,
933 4933 1003 5002 filins
1055 4936 1110 4994 imo
1121 4943 1339 5012 supprimendam
1353 4951 1443 5018 putari
1455 4969 1461 5005 :
1474 4967 1509 5010 ne
1519 4953 1590 5010 ultra
1599 4956 1627 5013 lu
1637 4956 1747 5017 alterius
1760 4960 1844 5018 aien-

181 5020 194 5091 ς
217 5003 294 5059 datus
313 5005 524 5079 catamitum.
545 5023 582 5079 rr,
601 5010 640 5083 6).
661 5013 760 5087 Accipe
778 5016 875 5076 Filium
901 5022 948 5078 Dei
975 5024 1004 5082 in
1052 5027 1250 5102 iuscatbolici‚
1264 5037 1310 5107 qui
1327 5046 1354 5096 te
1368 5041 1457 5099 minus
1469 5043 1603 5117 diligeret,
1617 5062 1727 5107 manum
1739 5060 1843 5110 eroon·

180 5170 183 5179 .
216 5103 337 5151 ostreum
352 5105 427 5166 parte
439 5100 614 5171 saeculorum,
628 5119 662 5159 ex
676 5106 786 5179 innupta
799 5120 895 5184 matre,
910 5125 1004 5174 natura
1053 5121 1193 5180 scientiam
1212 5128 1325 5184 veniret.
1346 5130 1385 5187 lla
1408 5134 1460 5190 boc
1472 5145 1562 5195 numm
1582 5140 1842 5215 poterisagnnseere

181 5196 186 5259 3
215 5184 355 5255 ignorante
378 5198 405 5245 et
431 5189 482 5245 llde
503 5192 645 5252 maritante
662 5200 850 5274 progenitum,
875 5220 1003 5278 superne·
1053 5224 1116 5266 sana
1129 5228 1189 5271 csso
1204 5216 1298 5275 intima
1311 5220 1401 5278 cordis
1414 5224 1463 5295 tni,
1477 5226 1501 5282 sl
1514 5228 1603 5287 adbuc
1628 5234 1705 5303 guasi
1717 5233 1785 5292 liber
1797 5252 1842 5295 me

184 5282 193 5327 t
214 5275 307 5334 niente
328 5278 356 5333 in
378 5280 508 5352 virginem
532 5294 624 5343 sancto
648 5287 765 5362 Spiritu,
788 5296 922 5356 bominem
947 5302 1001 5360 lieo
1053 5303 1184 5362 cultorem
1196 5316 1269 5365 tuum
1280 5310 1454 5371 humiliteret
1463 5320 1615 5379 amabiliter
1624 5337 1839 5386 commonentem

187 5370 192 5460 l
213 5368 371 5427 mirabiliter
393 5370 544 5444 impletum,
569 5385 596 5433 et
610 5377 694 5436 ileum
706 5383 732 5437 in
749 5382 884 5445 bominem
896 5391 1001 5450 miseri·
1052 5395 1166 5455 sollicite
1185 5410 1214 5456 et
1232 5401 1347 5460 libenter
1365 5406 1492 5465 audieris.
1512 5412 1583 5471 dote
1602 5415 1839 5490 interrogationem

213 5459 331 5518 corditer
342 5472 549 5536 commutatum
564 5485 614 5527 nec
626 5473 777 5533 exinanisse
789 5477 881 5548 gloriae
898 5486 1001 5556 magni·
1052 5488 1159 5546 incanta
1169 5492 1300 5551 ridebitur
1309 5496 1392 5555 luisse
1403 5503 1552 5572 persuasio,
1565 5516 1625 5577 post
1635 5510 1839 5581 responsionem

213 5552 343 5625 tudinem,
358 5557 406 5613 sod
422 5571 469 5629 per
481 5571 631 5631 susceptam
649 5567 726 5622 serni·
739 5570 930 5642 conditionem,
946 5575 1000 5633 llo·
1051 5582 1237 5641 irrencusnbilis
1254 5589 1395 5660 apparebit
1418 5593 1541 5653 intentio:
1565 5598 1679 5667 Quodsi
1694 5603 1839 5662 interbac

212 5647 278 5701 mani
301 5650 450 5708 ostendisse
476 5655 610 5722 pietatem.
626 5657 755 5718 Pmnntos
770 5672 845 5720 autor
860 5676 896 5722 est
911 5669 995 5737 nobis,
1030 5751 1032 5756 ,
1048 5676 1147 5749 aliquid
1161 5678 1246 5747 mibi,
1268 5681 1313 5751 nul
1328 5685 1442 5743 austeris
1455 5689 1539 5759 magis
1559 5706 1639 5762 uuam
1653 5692 1777 5755 dulcibus
1789 5712 1837 5752 su·

211 5737 282 5804 ΝΜ
297 5740 370 5798 ‘¹⁰²¹‘i
384 5753 421 5799 ‘⁸‘
442 5746 530 5803 ΜΝ
543 5749 625 5811 uatus
648 5761 690 5813 θεῖ
704 5756 781 5814 nostr
795 5760 840 5825 oui
861 5760 912 5818 sibi
925 5771 993 5824 erat.
1047 5772 1105 5832 nari
1127 5770 1243 5832 animaru
1268 5778 1612 5844 cornuumaueniens
1633 5785 1834 5849 irmuandmn.
