4080 6348
180 289 229 347 bSl

892 261 1059 356 canutus
1340 356 1344 363 ,
1577 264 1597 279 ”
1754 307 1791 370 v„

178 402 306 472 operere
319 402 379 474 plus
394 403 531 473 bominem
548 406 613 463 vidit
627 399 787 477 telrrngere
799 407 912 476 Leucas,
981 412 1008 475 Α
1020 410 1145 481 Lumina,
1161 396 1294 470 detersam
1305 419 1423 472 mentem
1437 412 1523 486 caligo
1537 417 1680 490 relinquat.

177 493 249 552 Trux
262 496 393 568 Auguste,
405 498 528 566 Pbar0n3
541 498 604 555 dum
619 499 748 558 classicus
759 500 833 558 tlctia
844 502 922 562 miles

177 586 277 659 Stagna
286 589 384 657 quatit,
398 590 569 662 profugisque
581 589 664 647 bibat
677 591 809 649 antonius
818 595 900 650 armis

177 681 311 739 bessum
325 691 421 738 vacuet
435 683 523 753 patrio
537 683 709 741 Ptolemvsida
723 693 817 756 regno.

176 770 299 846 Cumque
313 774 388 844 prius
398 789 527 845 quererer
538 776 633 832 stricto
645 776 678 833 de
691 777 801 834 cardine
814 780 915 847 mundi,

175 864 242 923 eum
258 865 337 922 limes
352 881 424 923 nuuc
437 866 494 938 ipsa
507 868 582 923 mibi.
597 867 660 925 Plus
675 884 780 926 summe
792 870 915 939 deornm,

176 959 243 1015 Sum
253 959 327 1029 iusto
342 958 390 1016 tibi
403 959 460 1016 visa
473 971 579 1030 potens,
593 962 665 1033 qnod
680 962 820 1019 Parthicus
834 964 905 1019 ultro

175 1059 188 1090 ¹
206 1052 333 1108 Restituit
344 1053 490 1124 measigna
505 1069 597 1124 pavor,
614 1057 752 1125 positaque
762 1056 829 1112 tiara

175 1142 285 1200 Funere
298 1143 456 1202 Crassorum
468 1144 550 1212 levit,
564 1146 626 1203 dum
640 1157 745 1219 purgat,
761 1157 787 1205 et
798 1150 859 1205 ltine
868 1149 933 1220 jam,

175 1235 249 1292 Prub
261 1235 357 1293 dolorl
367 1250 481 1294 etenum
491 1239 581 1308 populi
589 1238 650 1308 iure
663 1248 744 1310 atque
759 1250 881 1305 senatus,
930 1287 936 1304 ,

173 1327 251 1396 Quod
267 1328 354 1394 timui,
376 1328 476 1385 incurri
491 1345 499 1384 t
514 1344 574 1386 sum
590 1331 683 1388 totuin
701 1333 833 1403 principe,
851 1340 904 1389 tota

168 1419 319 1489 Principis,
334 1427 363 1477 et
376 1421 413 1477 lto
422 1421 542 1478 lacerum
556 1421 709 1479 decusare
723 1439 847 1495 regnum,

172 1511 238 1580 Qus
252 1510 386 1582 quondam
399 1513 491 1583 regina
502 1512 549 1569 lui.
561 1501 732 1586 Capreasque
742 1514 844 1582 Tiberi,

173 1606 209 1661 Et
220 1605 321 1676 caligas
330 1604 398 1671 Caii,
411 1605 504 1662 claudi
514 1621 629 1664 censura
639 1620 729 1664 secuta
741 1619 792 1676 est,

174 1696 209 1752 Et
223 1697 264 1751 vir
277 1703 364 1754 morte
378 1697 449 1754 Nero
463 1700 542 1754 tristi.
560 1697 658 1756 Pisone
669 1699 813 1756 verendum

1020 503 1060 559 Te
1074 505 1171 559 mirum
1185 514 1227 562 est
1240 505 1327 563 vinci:
1343 506 1454 579 incipies
1467 523 1528 565 cum
1542 508 1660 578 vincere,
1674 512 1772 573 mirmu
1827 504 1831 585 ζ

1021 594 1078 652 lien
1092 597 1153 662 erit,
1164 606 1248 669 utque
1259 598 1305 656 tibi
1315 610 1403 670 pateat
1415 615 1469 672 quo
1480 615 1591 673 surgere
1600 602 1710 662 tandem
1828 612 1833 631 ⁸

1022 687 1102 742 Persa
1119 688 1308 759 modo-possis,
1326 690 1570 763 pauciseognusee‚
1584 693 1697 753 docebo.

1057 777 1070 817 θ
1086 782 1133 836 Est
1144 781 1219 851 mibi,
1233 798 1292 853 qua
1307 782 1383 839 Latio
1392 799 1423 840 se
1435 786 1565 856 sanguine
1580 788 1649 844 tollit
1660 789 1807 861 alumnam,

1021 869 1112 926 'lellus
1122 873 1193 927 clara
1205 874 1281 938 uiris,
1297 874 1340 929 cui
1354 889 1407 931 non
1422 875 1496 932 dedit
1508 879 1607 947 optima
1622 880 1755 950 quondam

1020 961 1100 1034 335
1116 964 1214 1020 lterum
1226 965 1315 1036 opifex
1327 974 1422 1023 natura
1435 982 1542 1038 parent;
1557 970 1687 1029 lecundus
1699 973 1734 1030 ab
1744 974 1811 1032 urbe

1021 1051 1104 1107 Pollet
1120 1069 1193 1124 ager,
1211 1056 1296 1123 primo
1310 1057 1354 1126 qui
1367 1058 1408 1113 vir
1424 1059 1572 1128 proscissus
1582 1072 1682 1129 aratro,

1022 1143 1130 1200 Sentium
1142 1145 1217 1200 tarda
1230 1145 1294 1212 sitit,
1311 1147 1352 1203 vel
1367 1148 1519 1206 luxuriante
1525 1151 1641 1222 juvenco

1022 1235 1125 1291 Arcana
1140 1237 1251 1307 exponit
1266 1239 1368 1307 piceam
1378 1239 1541 1313 pinguedine
1550 1244 1668 1315 glebam.

1021 1331 1176 1385 Assurretit
1188 1331 1259 1396 bule,
1275 1334 1348 1389 coxit
1358 1333 1430 1403 quod
1445 1334 1563 1391 torridus
1576 1336 1684 1406 amur,

1020 1419 1149 1475 Niliacum
1163 1421 1347 1492 Libycumque
1359 1424 1464 1490 solum;
1479 1425 1629 1498 collataque
1641 1442 1748 1500 semper

1021 1509 1102 1565 drida
1115 1511 1264 1582 llquoniae
1272 1513 1432 1570 damnarunt
1443 1514 1559 1587 Gargara
1573 1515 1666 1574 falces.

1020 1601 1123 1669 Apulus
1136 1610 1164 1656 et
1177 1601 1291 1659 Calaber
1302 1606 1403 1661 seuit:
1419 1619 1482 1675 spes
1497 1608 1575 1664 unica
1588 1623 1689 1677 rerum,

1021 1691 1106 1759 Hauc,
1118 1694 1250 1761 Arverna.
1260 1695 1364 1764 culeus,
1380 1699 1445 1755 nulli
1456 1699 1524 1768 pede
1535 1700 1609 1758 cedit
1618 1702 1645 1758 in
1659 1702 1756 1772 armis,

173 1787 285 1844 Galbam
296 1788 397 1845 sternis
408 1788 491 1856 lituo,
505 1791 617 1859 speculo
632 1791 677 1861 qui
697 1774 808 1861 pu'lclver
821 1790 914 1847 baberi
983 1785 1006 1846 B
1019 1781 1134 1850 (intrivit
1144 1786 1229 1844 lintis
1241 1801 1311 1858 eunt
1325 1806 1330 1840 =
1347 1790 1423 1845 testis
1433 1790 1500 1847 milti
1512 1791 1626 1850 (ἔοιιιίι
1635 1801 1696 1850 esto

173 1881 242 1938 Dnnv
256 1893 360 1952 septas,
375 1898 426 1955 ego
439 1885 525 1956 turpis
538 1899 611 1941 eram
625 1903 631 1939 :
647 1885 713 1940 mibi
730 1883 801 1940 loeda
814 1884 903 1941 vuelli

173 1975 265 2031 tntvvliv
279 1975 410 2046 ingluvies
421 1986 554 2044 ventrem,
572 1979 617 2048 qui
629 1989 748 2048 tempore
762 1994 845 2049 parvo

174 2066 371 2137 llegnanssero
384 2068 467 2139 perit:
481 2069 579 2125 lassam
595 2083 654 2139 pust
669 2071 786 2142 inclytus
795 2070 878 2126 armis

172 2156 254 2230 333
269 2157 448 2231 imputares
459 2159 551 2217 babet.
562 2161 639 2217 litus
652 2162 730 2217 ltine:
743 2175 802 2233 pest
817 2162 887 2217 bnuc
901 2177 968 2233 quu-

760 2253 823 2325 [que
837 2254 929 2308 irater.

171 2338 237 2396 Post
248 2355 328 2411 quem
345 2350 384 2397 tra
424 2341 504 2398 uilius
514 2342 558 2398 tir
568 2359 613 2399 me
625 2343 691 2399 mibi
704 2344 816 2400 reddere
827 2344 914 2400 Nerva

172 2432 271 2515 Cepit,
284 2432 411 2505 adoptivo
426 2434 510 2490 laetus
520 2434 554 2491 de
568 2437 674 2492 Caesare
683 2436 777 2506 maior.

171 2524 267 2598 Ulpius
281 2526 345 2585 inde
355 2527 438 2593 veuit,
452 2543 505 2598 quo
518 2528 660 2584 lormidata
675 2529 821 2585 sicambris

171 2616 319 2688 Agrippina
333 2616 393 2686 tuit,
407 2616 496 2684 lorus,
507 2619 579 2690 pius,
594 2620 707 2690 integer,
720 2634 792 2675 acer.

170 2706 265 2765 Talem
276 2718 353 2780 capta
367 2723 473 2780 precor.
490 2708 634 2779 Traianum
650 2709 741 2765 nescio
754 2710 777 2765 si
793 2710 853 2780 quis

170 2798 340 2872 AEqniparet.
355 2800 382 2855 ni
395 2800 451 2857 loss
462 2799 560 2856 iterum
577 2808 616 2867 tu,
629 2799 727 2867 Gallio,
744 2800 845 2868 mittas,

169 2893 223 2963 Qui
236 2894 336 2953 vincat.
348 2895 487 2967 baerymae
501 2909 595 2951 vocem
610 2893 734 2951 clausere
746 2894 893 2964 precantis,

170 2986 205 3043 Et
216 2986 344 3059 quidquid
359 2998 485 3060 superest
499 2989 587 3045 luctus
601 3000 688 3059 regat.
704 2987 829 3058 Undique
842 2986 903 3042 coeli

1020 1876 1069 1933 llic
1083 1878 1194 1934 nimium
1206 1879 1323 1937 Fortuna
1339 1896 1449 1953 pacem,
1464 1900 1525 1940 cum
1536 1886 1605 1942 colle
1616 1887 1740 1959 repulsus

1019 1968 1168 2041 Gergovia,
1184 1974 1281 2030 castris
1291 1975 1367 2031 miles
1380 1978 1424 2032 vix
1438 1979 1536 2034 restitit
1550 1980 1626 2049 ipsis.

1018 2060 1074 2117 llus
1087 2072 1203 2133 egotam
1219 2064 1301 2121 sortes
1317 2066 1400 2134 volui,
1413 2068 1462 2124 scd
1476 2070 1572 2126 cedere
1582 2072 1691 2127 Avitum

1020 2153 1086 2207 lium
1102 2153 1150 2209 tibi
1165 2154 1249 2210 itoma
1262 2171 1342 2226 pare;
1355 2159 1447 2215 rutilat
1459 2160 1502 2214 cui
1512 2163 1628 2217 maxima
1638 2161 1739 2218 dudutrt

1017 2243 1164 2301 Stemmata
1178 2248 1347 2319 cottvplcrum
1359 2264 1483 2322 germem
1500 2254 1617 2323 palmata
1627 2255 1746 2311 cucurrit

1017 2336 1069 2393 Per
1084 2353 1211 2408 proavos,
1221 2341 1361 2411 gentisque
1379 2356 1446 2409 suae,
1458 2348 1577 2412 telesia,
1598 2345 1726 2418 Pblltgri‚

1018 2428 1147 2485 Patricius
1162 2432 1315 2502 resplendet
1327 2449 1407 2504 aper.
1422 2436 1475 2493 Sed
1490 2439 1576 2507 portio
1585 2448 1684 2509 quauta
1695 2449 1738 2497 est
1826 2462 1835 2498 .·
1858 2440 1864 2446 '

1018 2519 1080 2575 ilaec
1095 2521 1203 2578 laudum
1219 2523 1328 2582 laudare
1341 2528 1452 2595 patres?
1461 2542 1529 2598 quos
1539 2529 1640 2600 quippe
1651 2532 1757 2596 curules

1019 2613 1051 2667 Et
1067 2615 1238 2682 praelectores
1248 2628 1354 2674 constat
1365 2619 1464 2677 debere
1476 2624 1576 2692 nepoti.

1017 2704 1087 2759 Sunt
1099 2705 1171 2773 aliis,
1184 2720 1232 2777 per
1242 2723 1308 2778 quos
1321 2722 1352 2764 se
1364 2710 1507 2780 postbuma
1521 2712 1606 2782 jactet
1617 2713 1703 2785 origo,

1017 2796 1051 2851 ls't
1064 2796 1181 2864 priscum
1199 2799 1282 2856 titulis
1294 2809 1420 2859 numeret
1437 2812 1449 2841 ⁰
1463 2817 1548 2872 genus
1560 2804 1638 2872 alter,
1649 2804 1736 2871 ttrite,

1016 2886 1146 2943 Nobilitas
1158 2898 1186 2945 tu
1200 2891 1275 2946 solus
1288 2906 1363 2948 avos.
1379 2891 1456 2947 bibet
1470 2893 1552 2950 edere
1564 2896 1631 2951 tanti

1017 2978 1098 3036 Gesta
1113 2981 1173 3049 tiri,
1184 2990 1212 3039 et
1226 2982 1339 3052 primaru
1351 2985 1442 3054 paucis
1458 2999 1615 3055 percurrere
1624 2988 1722 3049 vitam.

169 3079 320 3152 Assurgunt
339 3095 476 3152 proceres,
498 3079 579 3144 biars,
599 3079 706 3152 cypris,
722 3078 862 3145 Romulus,
876 3076 963 3148 etqui
1053 3070 1176 3127 Solverat
1190 3074 1217 3128 in
1234 3083 1338 3145 partum
1352 3089 1482 3144 generosa
1496 3083 1628 3148 puerpera
1639 3080 1708 3136 casti

168 3176 303 3229 Auctores
314 3172 361 3228 tibi
375 3171 461 3227 Roma
473 3171 531 3228 dei:
545 3170 600 3242 jam
618 3170 708 3227 mitior
723 3170 781 3238 ipsa

170 3265 311 3332 Plestinus,
325 3272 404 3336 atque
417 3264 471 3321 iras
486 3272 590 3320 celeres
604 3263 731 3321 Saturnia
743 3261 837 3318 donat.

170 3356 324 3430 bluppiter
338 3359 388 3415 ista
403 3356 506 3415 relert:
521 3357 617 3414 Fatum
631 3370 684 3428 quo
698 3366 792 3412 cuvvcta
806 3361 943 3426 reguntur,

169 3449 284 3521 Quoque
298 3465 359 3523 ego,
375 3466 429 3506 non
440 3448 516 3507 licuit
526 3448 631 3521 lraugi;
643 3458 685 3504 sat
694 3446 766 3504 celsa
778 3445 902 3502 laborant

168 3542 291 3614 Semper,
303 3551 332 3599 et
341 3542 426 3599 elatas
439 3551 533 3599 nostro
548 3541 583 3596 de
596 3555 708 3597 munere
720 3540 791 3595 vires

170 3634 294 3691 ‘btvidit
304 3632 413 3690 lortuna
424 3632 494 3700 sibi3
509 3633 558 3689 sed
572 3632 685 3703 concipe
700 3645 811 3703 magnos

167 3725 325 3798 ouruqmn
339 3724 422 3781 lraeta
435 3724 549 3780 animos.
562 3725 590 3779 Si
611 3732 637 3779 te
652 3723 788 3779 Porsenna
803 3722 893 3779 soluto

168 3814 231 3875 Plus
247 3816 334 3873 timuit
342 3816 376 3872 de
390 3824 470 3887 ponte
482 3823 611 3882 tremens,
625 3814 649 3872 si
666 3813 764 3871 moevtia
779 3822 856 3884 capta

167 3908 228 3967 llos
239 3909 338 3966 Brenni
354 3908 447 3966 videte
460 3907 566 3979 lugam;
581 3908 603 3964 sl
615 3908 731 3980 denique
744 3907 831 3963 dirum

167 4001 341 4071 Aunibtdem,
355 3999 449 4072 iuncto
462 4010 542 4058 terrm
555 3999 670 4071 ctelique
686 3999 812 4066 tumultu,

171 4091 357 4165 Reppnllmus,
369 4108 430 4150 cum
444 4101 530 4150 castra
545 4093 598 4150 tuis
608 4092 663 4166 jam
675 4092 799 4166 proxima
814 4090 898 4149 muris

61 4181 65 4189 '
169 4185 290 4256 starent,
304 4184 519 4245 Collina'iulmcn
534 4203 582 4260 pro
597 4197 670 4245 turre
684 4187 812 4253 cucurrit,

168 4282 256 4352 dtqtte
270 4281 326 4338 illie
339 4282 437 4338 iterum
448 4280 538 4338 timuit
549 4290 643 4338 natura
660 4290 802 4353 paventem
854 4316 860 4327 ·

168 4373 233 4434 eoa
245 4372 389 4446 Phlegram
403 4389 522 4447 pugnare
536 4374 647 4442 luvem;
661 4375 795 4446 torpentia
810 4372 874 4429 tolle

914 3222 919 3235 Ι
977 3154 1001 3218 G
1017 3162 1125 3221 Ventris
1140 3180 1226 3222 onus:
1242 3164 1384 3223 manifesta
1397 3167 1473 3223 dedit
1488 3182 1551 3226 mox
1565 3170 1641 3240 signa
1657 3171 1740 3227 loturi

1017 3255 1159 3327 Principis,
1174 3270 1205 3312 ae
1218 3265 1300 3312 totam
1316 3259 1402 3313 lausto
1415 3258 1511 3329 trepidi
1522 3261 1604 3330 patris
1614 3261 1702 3317 aulam
1778 3295 1780 3298 >

1016 3346 1127 3418 implevi
1143 3352 1270 3419 augurio;
1287 3348 1350 3404 lieet
1366 3348 1436 3404 idem
1452 3351 1563 3420 grandia
1578 3353 1633 3406 uati

1016 3438 1144 3509 culparet
1158 3440 1223 3505 lata,
1236 3446 1263 3496 et
1278 3441 1353 3509 pueri
1364 3439 1419 3509 ja'vn
1435 3456 1516 3511 regna
1532 3441 1646 3499 videret.

1018 3531 1070 3589 Sed
1085 3533 1138 3588 silvi
1152 3530 1327 3589 cotumis'sum
1341 3542 1416 3589 taum
1427 3535 1477 3590 sub
1492 3536 1602 3607 pignore
1614 3550 1729 3594 eerueua·

1016 3624 1107 3680 llundl
1120 3625 1282 3693 depositum,
1295 3640 1329 3699 tte
1340 3624 1404 3695 quid
1420 3624 1466 3679 tibi
1480 3625 1564 3680 doura
1576 3628 1684 3696 periret,

1015 3715 1097 3787 336
1110 3715 1182 3770 iuvit
1192 3716 1327 3770 fortunam
1341 3712 1450 3770 studio:
1464 3717 1589 3773 lactentia
1605 3720 1720 3789 primum

1017 3806 1134 3863 llembra
1148 3804 1222 3862 dedit
1240 3806 1357 3872 nivibus,
1369 3805 1536 3877 glaciemque
1554 3807 1564 3844 ¹
1578 3810 1698 3879 irrepere
1711 3810 1808 3881 plantis

1004 3902 1109 3965 lussit,
1122 3911 1148 3954 et
1160 3901 1265 3956 attritas
1276 3912 1387 3969 parvum
1402 3896 1490 3954 ridere
1505 3899 1625 3969 pruinas.

1017 3994 1161 4063 surgentes
1172 3992 1234 4047 anni
1249 3991 1331 4046 llusis
1345 3989 1504 4057 lormuntur,
1518 4000 1545 4046 et
1559 3990 1606 4047 illo

1016 4088 1074 4156 Quo
1088 4087 1219 4142 Cicerone
1234 4094 1311 4141 tonas
1324 4101 1332 4139 t
1345 4082 1439 4140 didicit
1452 4099 1559 4155 quoque
1572 4085 1639 4142 facta
1653 4095 1754 4144 tuorum

1017 4187 1086 4239 llute
1100 4185 1197 4241 dueum
1209 4199 1216 4247 ;
1229 4180 1323 4237 didicit
1333 4193 1446 4251 pugnas,
1462 4178 1584 4249 libroque
1598 4179 1692 4252 relegit

1017 4277 1081 4344 Qum
1092 4285 1201 4346 gereret
1214 4289 1326 4344 campo;
1339 4271 1442 4344 pritnus
1452 4273 1497 4327 vix
1516 4280 1637 4343 coeperat
1649 4287 1710 4330 esse

1017 4370 1056 4425 Su
1071 4370 1172 4425 intanto
1183 4384 1261 4441 puer,
1277 4366 1398 4422 rabidam
1413 4381 1473 4421 cunt
1488 4364 1557 4422 lurle
1569 4365 1688 4423 cruentis

205 4550 221 4580 ⁸
232 4539 356 4610 Quidam,
376 4550 486 4599 utente
507 4540 610 4607 monui,
628 4540 726 4611 Sapor,
746 4550 775 4594 ut
796 4553 845 4610 pro
869 4537 964 4609 quovis
977 4538 1005 4600 Ι)
1016 4535 1126 4592 neribus
1140 4534 1334 4591 iulestamesve
1345 4532 1393 4587 ait.
1405 4530 1592 4602 luridiseergo
1605 4537 1810 4605 imputat,quou

170 4610 331 4671 Pertburum
352 4628 417 4685 rege
434 4623 559 4684 ponatur.
582 4611 709 4668 Restituit
726 4612 798 4666 euim
823 4608 960 4665 Phraates.

169 4682 275 4740 liorem
288 4696 351 4739 tero
364 4686 495 4754 ponende
510 4684 586 4739 tiarte
598 4682 625 4737 iu
645 4681 766 4753 supplice
780 4682 854 4737 cultu
871 4696 962 4751 regum

170 4754 331 4810 tiaratorum
358 4756 494 4823 expressit
516 4751 714 4819 etiamlCicero
737 4767 785 4822 pre
806 4752 914 4815 Sextio,
937 4761 964 4805 et

130 4870 140 4882 .
169 4823 331 4882 Plutarchus
343 4824 370 4881 in
384 4824 512 4897 Pompelo
525 4823 686 4894 dedignans
699 4826 762 4878 :nai
772 4822 842 4885 τέλος
854 4826 888 4884 ὡ,-
898 4822 963 4899 πρὸς

131 4892 142 4969 ξ
169 4896 247 4954 aitis
256 4892 313 4956 ills
326 4901 463 4970 Πομπήιον,
475 4897 624 4970 &cribussus
635 4899 680 4956 rua
691 4892 788 4970 κίδαριν
798 4896 901 4971 ὥρμησε
913 4894 964 4968 πρὸ

131 5012 142 5023 .
169 4973 221 5025 τῶν
232 4964 317 5024 ποδῶν
329 4969 418 5026 θιῖναι.

81 5097 87 5104 ,
129 5038 142 5108 l
206 5034 377 5109 lReliquum
401 5054 496 5110 poema
511 5036 539 5093 in
555 5036 629 5094 lovis
646 5035 769 5092 oratioue
782 5033 963 5100 consumitur,

133 5145 142 5177 ,
169 5122 223 5181 qna
237 5106 342 5181 iupiter
351 5110 410 5181 lpse
422 5109 555 5181 designati
569 5123 584 5163 a
598 5123 628 5165 se
644 5107 771 5179 principis
784 5106 878 5162 laudes
887 5120 965 5160 exsc-

132 5207 142 5248 t
170 5179 274 5251 quitur,
297 5181 409 5252 ejusque
430 5182 555 5252 patriam,
573 5194 668 5251 genus,
689 5177 898 5239 institutionem.
920 5191 964 5231 rcs

134 5297 144 5308 .
170 5265 239 5322 paee
248 5250 376 5377 Ιιοὶιοὲοο
389 5262 490 5336 gestas.
508 5252 614 5323 imperii
629 5250 745 5322 denique
758 5264 774 5305 a
788 5248 872 5306 Gallis
884 5246 964 5303 deleti

137 5379 143 5389 ,
170 5322 304 5379 tolenvnta
337 5322 456 5378 esertbtt

136 5427 144 5441 ι
207 5402 220 5433 ⁸
236 5392 290 5448 lllii
304 5404 415 5461 acturo,
435 5392 483 5450 sed
508 5392 573 5449 illud
587 5393 686 5450 rectius
703 5400 779 5463 puto.
795 5390 911 5462 Eleguns
925 5389 966 5445 dl·

1019 4607 1049 4661 P.
1060 4608 1145 4677 Syrus
1156 4605 1273 4661 levitati:
1292 4603 1377 4670 Leuis,
1389 4602 1491 4672 iuquit,
1508 4613 1546 4657 eat
1558 4607 1662 4676 fortuna
1676 4618 1686 4658 .·
1702 4606 1751 4659 cito
1769 4621 1811 4663 rs·

1017 4677 1176 4748 poscitquod
1186 4676 1266 4729 dedit.
1626 4681 1628 4685 ’

1053 4764 1065 4804 ‘¹
1082 4765 1153 4822 Aviti
1170 4764 1264 4833 patria,
1289 4762 1414 4819 Arverni.
1436 4761 1583 4833 Gregorius
1598 4765 1698 4821 'lurotu
1715 4767 1761 4823 tin.
1780 4783 1809 4830 ιι.

1017 4838 1047 4894 ll
1060 4853 1068 4892 ι
1083 4838 1172 4889 Auitus
1184 4850 1249 4889 unus
1263 4850 1295 4888 eu
1307 4832 1475 4897 senatoribus,
1486 4844 1510 4890 et
1520 4844 1548 4889 ut
1562 4836 1635 4891 ualde
1648 4837 1718 4891 morti
1731 4846 1811 4892 ertum

1015 4917 1064 4975 est,
1077 4906 1291 4969 civirdmeruut.
1308 4905 1336 4959 ln
1345 4904 1475 4959 Arvernia
1488 4905 1541 4960 duo
1555 4906 1643 4961 laudat
1657 4925 1663 4962 :
1675 4909 1726 4963 solt
1738 4905 1812 4963 lerti-

1015 4980 1128 5045 litatcm,
1143 4977 1177 5032 de
1191 4990 1242 5041 qna
1257 4976 1356 5031 dictum
1370 4973 1415 5029 lib.
1432 4990 1469 5041 vv,
1483 4976 1563 5047 epist.
1577 4980 1623 5044 tt,
1639 4988 1671 5045 ct,
1685 4978 1810 5034 bellicam
1882 5022 1887 5028 ,

1016 5051 1152 5113 virtutem,
1169 5047 1245 5118 cujus
1260 5055 1343 5102 testes
1356 5042 1438 5101 etlam
1449 5045 1546 5115 Greci,
1562 5049 1657 5116 quibus
1667 5049 1811 5125 Ἀρούερνοι

1015 5120 1083 5182 iduor
1089 5122 1285 5193 progredientem,
1294 5116 1479 5186 Arvemigens
1489 5118 1705 5191 bellicosissima,
1717 5119 1812 5176 dicuu-

1018 5200 1070 5247 tur.
1095 5193 1221 5249 Sidonlus
1239 5196 1426 5259 argumentum
1454 5188 1529 5244 ducit
1552 5189 1728 5261 aGergoviae
1742 5190 1813 5247 obsi·

1016 5264 1108 5326 dieue,
1123 5278 1137 5315 :v
1153 5275 1205 5331 qua
1219 5259 1352 5315 &sattim
1363 5273 1423 5314 oum
1438 5259 1538 5331 ingenti
1549 5260 1626 5317 clade
1640 5262 1811 5333 repulerunt,

1017 5344 1048 5387 ut
1064 5344 1156 5387 nervat
1170 5332 1261 5385 Caesar
1272 5329 1329 5399 ipse
1341 5329 1388 5385 lib.
1403 5344 1451 5385 vu.

1054 5405 1133 5476 130
1155 5413 1167 5441 ⁰
1186 5402 1272 5457 Locus
1288 5407 1366 5456 antea
1389 5400 1561 5471 depravatus,
1588 5413 1615 5460 et
1635 5404 1694 5460 sine
1710 5415 1809 5467 sensn;

170 5470 255 5523 Pfflm·
271 5461 426 5534 ”illidium
440 5479 520 5534 ΟΜ
535 5465 641 5521 θιθΐδῑθ
653 5464 750 5519 θὶῑθῦῑθ
764 5463 845 5536 ΝΙΒθ
859 5460 965 5519 iss'lffiae
1017 5491 1100 5540 nunc,
1117 5484 1146 5530 nt
1158 5475 1295 5528 restitutus
1309 5480 1361 5539 est,
1378 5474 1520 5542 perspicua
1535 5484 1598 5529 sunt
1615 5475 1714 5528 vaunis.
1732 5471 1809 5536 Altis,

170 5533 252 5593 tribui
266 5533 347 5591 solet.
359 5534 538 5605 Apollodorus
548 5536 681 5591 comicus:

224 5617 291 5691 Πρὸς
307 5618 359 5747 guig
369 5618 400 5704 fd
414 5615 531 5704 'dapnpffiv
544 5614 562 5706 a.
571 5615 662 5706 pidem(
670 5615 797 5702 βιάζιται,

224 5687 327 5762 Spolia
357 5686 479 5749 ἰκιινους
493 5706 536 5748 ους
548 5708 578 5742 otu
588 5684 688 5756 υψωσιι
701 5708 784 5757 ruga.

170 5762 300 5825 Sidottius
313 5765 447 5823 lortuuam
468 5766 553 5836 ipsam
569 5764 618 5819 silvi
639 5763 768 5836 invidere,
784 5764 893 5835 suisque
906 5777 964 5818 tutt-

240 5876 245 5887 ·
314 5859 451 5921 Parnoi..
473 5855 572 5920 uvtlt
660 5921 665 5932 ,

1017 5547 1113 5618 inquit,
1134 5545 1224 5602 decori
1242 5552 1269 5599 ct
1285 5543 1379 5612 glorian
1394 5543 1448 5598 sint
1461 5544 1598 5613 maiores:
1616 5554 1642 5599 tu
1661 5541 1810 5598 rna'oribns

1017 5619 1081 5701 tuis.
1097 5617 1217 5685 quamvis
1229 5613 1396 5681 clarissimis,
1412 5615 1542 5684 prteluces
1561 5633 1567 5667 :
1588 5630 1635 5685 per
1648 5623 1673 5670 te
1683 5615 1701 5669 il
1715 5615 1721 5668 i
1734 5614 1810 5669 nobi·

1017 5687 1197 5818 lmfnggzutnt
1210 5766 1238 5815 et
1252 5755 1384 5821 Labbeus,
1399 5755 1550 5827 irrumpere,

1636 5846 1679 5913 Ἡ
