3996 6344
274 374 325 433 tor
765 363 935 421 stennon
954 364 1000 418 to
1021 359 1194 417 tttroaen
1213 360 1394 419 utrenstttt.
1848 353 1899 429 tos

275 491 438 559 Augusttuus
452 487 563 557 epistola
577 482 640 538 ato.
655 482 787 537 Caeterum
801 479 916 534 ortelius
928 493 959 559 ιι
977 475 1104 538 Victo-A
1118 475 1200 558 cesitn
1218 474 1374 555 ¹Legcnscrn.
1389 475 1431 557 cui
1447 482 1560 555 praeerat
1576 471 1720 551 Decianus,
1741 484 1771 551 et
1788 467 1899 552 Tacars·

276 574 318 625 ro,
334 568 362 614 ut
376 558 426 627 ait,
443 554 559 613 Uticensi
573 567 624 607 ms.
641 551 780 605 Tstoninut
795 549 822 602 in
840 549 965 602 Nnoddnr
979 548 1063 600 iocum
1086 566 1089 571 ·
1118 553 1184 599 tenst
1199 544 1352 599 (intractato
1367 545 1448 600 itttsse
1460 550 1594 599 eststtmat
1609 540 1733 595 Balunus
1747 554 1774 594 tu
1786 546 1856 594 uotts
1868 540 1899 593 ad

236 612 240 617 .
274 636 414 684 memorat.
429 627 481 682 Sed
498 623 638 679 Tutnnimn
656 637 704 692 pro
718 618 860 675 ieiunium
876 619 950 691 lapsu
967 617 1063 672 calami
1115 630 1175 683 cap.
1193 614 1241 669 lii
1259 614 1429 671 Collationis„
1446 686 1451 695 Ι
1632 682 1661 694 ..

274 699 326 754 ittae
340 699 456 766 irrepsit.
864 710 871 727 ·
1151 685 1409 741 lbilssrncrassts.
1425 688 1469 741 sc
1480 696 1544 738 mss.
1558 682 1672 737 etodttt.
1701 750 1706 763 ⁸

308 770 352 824 ta.
368 773 582 829 amnaoarnos.
604 762 751 816 Fetiritrnns
778 763 910 828 episcopus
936 759 1064 825 Amena-
1152 756 1197 811 80.
1213 754 1406 811 Vttcsrrtnus.
1422 756 1575 810 siccasset
1586 752 1661 807 edti.
1675 751 1742 807 the
1753 765 1901 833 nussuprs

271 837 434 893 aeusisinter
446 835 598 889 nonattsus
618 832 767 902 comparuit
788 834 816 887 in
836 830 986 886 collatione
997 829 1063 882 Car·
1113 826 1315 881 observavimus
1326 826 1359 879 dc
1378 825 1522 880 Verriittno
1539 823 1670 879 nunniti.
1687 821 1806 878 liabetur
1820 822 1902 876 ut'la·

274 907 347 967 tbas.
360 920 419 976 cap.
437 905 499 961 198.
1112 896 1185 950 bolis
1199 895 1409 963 Peutiugerianis
1424 895 1518 959 Veteri,
1531 903 1671 963 segmento
1685 894 1712 949 ὅ.

309 976 354 1033 tt.
368 975 524 1031 Baoaensts.
537 973 584 1032 Sic
598 987 704 1045 quoque
715 973 801 1028 codex
818 969 917 1026 ilalleri
928 967 996 1038 spot
1011 966 1064 1022 Or*
1150 966 1194 1022 81.
1224 968 1400 1023 Naancensts.
1429 967 1591 1035 Apronianus
1619 965 1753 1033 spiscopus
1781 960 1901 1017 Ecclesia

276 1047 380 1102 tellum.
1116 1036 1249 1090 cntltoiicn
1263 1037 1418 1092 iinsocnnis
1430 1035 1567 1099 mandato,
1578 1035 1619 1089 cui
1634 1049 1682 1104 per
1691 1034 1839 1089 absentiam
1851 1048 1901 1086 uon

309 1117 354 1172 tt.
371 1116 546 1172 Troesrtaus.
559 1113 740 1169 Celeberrima
756 1111 805 1167 luit
822 1106 1063 1166 colonioi‘ireiesti·
1117 1106 1324 1175 sutrsetipsernc
1338 1121 1497 1162 consensum
1512 1106 1627 1176 prabuit
1644 1107 1672 1159 in
1685 1103 1828 1159 collatione
1840 1102 1898 1158 Car-

274 1204 317 1251 nrt,
327 1202 405 1259 quam
414 1186 543 1257 martyrio
551 1184 681 1255 preclaro
690 1183 832 1238 illustravit
843 1184 918 1237 treats
928 1177 1062 1249 Crispina,
1119 1176 1192 1244 tirag.
1207 1192 1267 1245 cap.
1283 1177 1346 1232 ita.

272 1258 349 1326 cuius
371 1265 430 1312 acta
445 1272 476 1312 ιι
491 1255 590 1323 duplici
614 1268 665 1309 ms.
686 1253 778 1308 codice
797 1263 952 1306 monastero
980 1249 1064 1303 nostri
1151 1247 1382 1303 Abboouaensrs.
1404 1247 1516 1301 Sicms.
1536 1243 1732 1301 baudomcuur
1749 1244 1840 1299 editis.
1869 1246 1901 1297 At

272 1326 364 1383 Sancti
376 1326 534 1383 Theoderici
550 1324 743 1395 propellemus
774 1321 914 1377 rotulitnus
929 1322 1067 1374 interacta'
1115 1317 1199 1374 codex
1216 1332 1266 1372 rurs.
1283 1318 1352 1383 atiud
1364 1318 1493 1371 orrettnor
1509 1316 1598 1379 turbet,
1614 1315 1632 1367 ι
1635 1317 1777 1382 agarensis.
1796 1385 1802 1396 ι

274 1405 423 1465 rnsrtprum
439 1400 542 1452 sincera
554 1397 586 1449 ad
601 1409 699 1449 aunum
713 1339 775 1459 toi,
788 1407 847 1462 pag.
862 1391 924 1446 ibi.
937 1390 1033 1445 tunm
1048 1402 1064 1441 u
1153 1387 1197 1443 85.
1218 1386 1364 1442 Cuncensts.
1377 1387 1421 1443 Sic
1434 1387 1517 1442 codex
1541 1401 1590 1440 ms.
1606 1397 1728 1451 uterutte.
1754 1383 1825 1441 ntro
1839 1400 1902 1438 nero

274 1467 398 1522 Tirisste
411 1468 437 1522 in
451 1464 778 1543 concilioCartltngiupnsi
793 1454 1066 1532 subsanctobypria-
1116 1458 1215 1510 liabent
1230 1457 1362 1511 Cirtensis.
1380 1458 1412 1511 llt
1429 1458 1535 1527 qtrideur
1549 1456 1639 1511 ottltos
1651 1455 1716 1509 alias
1735 1456 1761 1509 iu
1786 1456 1837 1509 trac
1850 1453 1902 1508 No·

274 1552 320 1603 uo,
336 1553 384 1605 pro
395 1537 528 1592 hereticis
540 1535 735 1603 rebaptizandis
745 1534 903 1588 senteutiam
915 1532 976 1585 tulit
990 1545 1064 1584 uum.
1091 1572 1098 1587 .
1117 1528 1173 1581 titia
1189 1527 1280 1596 Cirtoe,
1305 1542 1351 1583 seu
1367 1526 1541 1582 Constantium
1556 1543 1580 1587 ιι
1591 1527 1696 1589 iscopus
1724 1537 1902 1592 memorator,

275 1609 325 1675 tt;
341 1608 383 1663 cui
404 1609 548 1674 respondet
574 1603 736 1676 Augttstinus
760 1605 828 1659 libro
842 1618 867 1657 rt
883 1603 918 1658 de
929 1600 1066 1668 Baptismo
1117 1614 1176 1668 tpttm
1193 1608 1281 1653 tameo
1297 1608 1353 1652 erat
1364 1599 1509 1668 provinciae
1528 1596 1692 1662 metropolis,
1713 1610 1739 1650 ut
1755 1597 1903 1665 appellatur

274 1676 368 1732 borotra
379 1677 541 1739 Donatistae,
556 1692 615 1743 cap.
631 1675 677 1732 38,
694 1671 1004 1729 Nomulnsiiteiesttnsis
1018 1669 1066 1722 ad·
1117 1670 1143 1721 iu
1159 1669 1251 1722 codice
1271 1683 1401 1723 cartounm
1421 1668 1549 1722 Ecclesiae
1572 1668 1714 1734 Airicarnc,
1730 1683 1790 1733 capr.
1814 1665 1858 1720 ιιι.
1876 1667 1902 1721 lo

276 1746 325 1803 init
339 1748 451 1803 conctiio
463 1748 665 1818 Carthaginensi
690 1747 740 1801 snb
754 1744 847 1799 Grato.
861 1739 1063 1809 Carthaginensi
1116 1748 1220 1791 sctttsta
1237 1738 1365 1792 Antonini
1381 1738 1512 1793 itinerarii
1527 1738 1643 1792 editione
1659 1737 1842 1806 Lugdurrensl,
1856 1751 1903 1803 pro

275 1827 363 1872 atttem
379 1817 519 1873 Collationi
534 1833 593 1885 cap.
606 1817 656 1871 itt
671 1817 791 1871 interluit
806 1813 915 1868 ilrit'etts
929 1813 1064 1882 epiecopus
1078 1838 1104 1901 B
1117 1808 1187 1862 t'trtn
1200 1810 1255 1863 tore
1266 1807 1454 1873 setttperCirctt
1469 1810 1591 1863 babetur.
1605 1808 1752 1876 Epistulam
1768 1808 1904 1877 Augustini

276 1888 355 1956 plebis
376 1887 533 1943 Tieintinoe
553 1887 701 1942 catholicus
716 1901 776 1940 cum
789 1881 1063 1939 Persevernntiuillins
1118 1880 1169 1934 150
1184 1878 1344 1933 Circensibus
1357 1894 1405 1949 pro
1419 1878 1573 1934 Cirtensibus
1584 1878 1738 1944 inscriptam
1751 1877 1834 1932 luisse
1848 1894 1904 1932 nto·

276 1958 440 2021 adversario,
461 1961 556 2014 iterann
571 1973 630 2028 cap.
648 1958 700 2012 180
717 1958 786 2010 inter
800 1955 953 2009 Donatistas
967 1966 1063 2008 recen·
1118 1956 1162 2003 net
1175 1948 1308 2006 Patuelins
1329 1951 1355 2004 in
1371 1952 1441 2004 notis
1455 1950 1487 2002 :td
1508 1948 1650 2004 concilium
1671 1949 1901 2016 Nebaptiaantiutn

275 2028 298 2080 si
311 2042 337 2095 o,
353 2028 397 2081 ttbi
411 2030 545 2099 episcopata
556 2028 703 2083 Terestinss
717 2025 875 2096 appellatur,
888 2023 938 2079 sub
950 2038 1003 2091 ouo
1016 2037 1063 2075 uo·
1117 2021 1166 2073 snb
1179 2029 1272 2075 sarrmo
1284 2021 1434 2091 cypr-nom
1455 2019 1499 2074 ubi
1515 2018 1651 2086 complura
1676 2018 1756 2073 reiert
1779 2020 1902 2086 eroutpla

275 2096 754 2166 mineCabarsussitoooconclioiam
766 2107 843 2150 antea
856 2093 1061 2163 subscripserat.
1117 2102 1149 2144 et
1164 2090 1259 2157 ouibus
1274 2091 1357 2160 liquet
1373 2092 1471 2157 sapius
1483 2087 1559 2145 Circo
1577 2105 1625 2157 pro
1643 2087 1713 2144 Cirta
1726 2089 1754 2144 io
1769 2090 1904 2148 veteribus

185 2216 188 2221 a
275 2169 344 2234 Quin
359 2170 521 2251 etspnodum
534 2169 709 2223 idrontinam
721 2168 917 2221 Donatistarum
933 2166 1065 2218 ruetnrrat
1117 2162 1296 2215 monumentis
1308 2162 1436 2234 scriptum
1458 2160 1550 2226 luisse,
1573 2161 1644 2231 quod
1668 2169 1756 2215 tanteu
1768 2175 1802 2216 ιι
1823 2161 1904 2215 libra·

275 2238 386 2304 (ignatus
402 2240 470 2294 labro
482 2253 511 2293 ιι.
526 2238 646 2293 ideoeste
665 2238 764 2293 dicitur
778 2253 793 2291 a
807 2236 951 2291 Ptulcutro
965 2233 1012 2287 lib.
1025 2247 1061 2298 rr,
1117 2230 1216 2284 riorum
1235 2232 1403 2286 solummodo
1416 2246 1507 2286 errore
1522 2231 1680 2299 provenisse
1699 2246 1778 2285 neoto
1803 2230 1904 2287 iudeis·

277 2322 336 2377 cap.
350 2308 377 2375 A,
390 2309 460 2363 sicut
471 2319 498 2363 et
508 2312 534 2363 iu
545 2308 669 2363 Antonini
682 2302 831 2371 ltinern'rto,
846 2316 925 2370 atoue
939 2305 965 2359 iu
976 2302 1065 2356 Tabu'·
1116 2300 1197 2354 bitur.
1215 2301 1247 2356 tit
1261 2302 1366 2372 quidem
1388 2303 1414 2357 in
1437 2303 1548 2370 epistola
1571 2302 1765 2370 tantumnque
1780 2318 1852 2355 nuuc
1864 2308 1903 2359 ιιι

277 2378 309 2431 ιιι
324 2379 547 2448 Peutlngerianis.
559 2377 638 2433 Plura
649 2378 682 2433 de
692 2378 742 2432 irae
754 2377 818 2432 urbo
828 2392 860 2430 et
871 2375 988 2444 antiquis
997 2373 1065 2428 scri·
1119 2372 1179 2432 ιιι,
1194 2370 1348 2428 Cirtensibus
1358 2373 1526 2428 ernetrdatnm
1540 2382 1590 2428 cst.
1605 2373 1662 2427 Non
1674 2371 1749 2427 ttetrtt
1761 2380 1853 2427 ιιιιιιιι
1863 2373 1903 2429 iric

277 2448 395 2512 pluribus
421 2463 567 2520 congerere
590 2448 752 2514 superfluum
777 2456 858 2501 essct.
879 2446 932 2500 Ser
959 2445 1063 2498 dierum
1117 2443 1356 2507 manuscriptorum
1373 2444 1514 2498 lectionem
1528 2453 1641 2507 mutare,
1657 2458 1716 2496 curn
1733 2442 1795 2496 :iiim
1810 2446 1899 2498 tnultn

277 2519 371 2572 itincre
379 2516 474 2574 Cartha
495 2519 582 2573 iocosi
592 2520 626 2575 ab
635 2519 701 2572 urite
712 2517 840 2573 distitisse
851 2523 985 2570 asseverat
999 2514 1064 2568 Pro·
1117 2511 1242 2567 ineadem
1253 2513 1569 2571 Notitiaoccnrrantalits
1578 2514 1656 2568 orites
1664 2515 1771 2579 ignoce.
1780 2525 1806 2566 et
1815 2529 1900 2567 econ·

277 2589 369 2654 cottias
383 2588 428 2642 lib.
441 2605 459 2644 tt
474 2535 508 2644 ie
523 2590 597 2643 Bello
611 2589 765 2643 laudatico.
780 2587 829 2651 liti,
840 2595 870 2640 ut
886 2585 967 2640 reiert
992 2584 1064 2639 idem
1118 2581 1200 2637 trario
1215 2586 1348 2640 rtonoutte
1361 2585 1427 2638 alias
1439 2584 1584 2638 nouissime
1597 2584 1767 2647 omittentem
1784 2585 1902 2638 tortassis

279 2667 382 2723 auctor,
397 2657 508 2713 ilornaui
528 2673 588 2713 cntn
606 2659 702 2712 Nautis
715 2660 799 2712 iniere
819 2655 949 2725 prndium,
971 2656 999 2708 in
1011 2669 1064 2720 utto
1117 2652 1186 2718 ouod
1202 2663 1264 2708 tuuc
1278 2658 1374 2710 excisa
1385 2655 1515 2723 jacerent,
1531 2663 1558 2707 nt
1570 2654 1754 2716 Adruntctum,
1771 2652 1901 2723 liippure·

277 2727 414 2789 Salomon,
427 2742 505 2798 qttetn
520 2729 685 2797 lastinianus
698 2728 843 2790 imperator
860 2725 956 2780 Atrius
971 2724 1065 2794 proie-
1116 2723 1186 2794 gius,
1198 2732 1251 2779 ιιι.
1262 2726 1341 2780 Certe
1356 2726 1382 2781 io
1395 2725 1577 2794 proconsulari
1588 2725 1778 2793 qninquaginta
1791 2732 1882 2778 tatrtut
1891 2752 1903 2767 -

278 2806 358 2862 terat,
371 2802 476 2855 occisus
487 2798 544 2854 init.
562 2798 712 2868 beninoctn
727 2798 822 2852 Notitia
839 2795 980 2851 bodleiana
996 2796 1065 2851 inter
1119 2795 1198 2846 ruodo
1212 2803 1239 2849 et
1253 2807 1366 2865 qtratuor
1381 2795 1547 2866 episcopales
1571 2797 1691 2851 civitates
1711 2795 1811 2849 Notitia
1829 2793 1902 2850 esbi-

279 2866 408 2921 Numidiae
422 2871 501 2925 urbes
515 2878 676 2924 memoratur
692 2868 789 2922 delete.
805 2866 859 2923 Sed
873 2865 969 2922 Goaris
981 2866 1065 2922 editio
1118 2863 1172 2923 iret.
1191 2872 1217 2917 et
1233 2874 1320 2920 tameo
1337 2867 1427 2921 llictor
1449 2866 1564 2920 vitensis
1576 2866 1644 2920 libro
1658 2882 1673 2925 ι.
1692 2881 1765 2921 num.
1783 2865 1817 2930 a.
1834 2864 1903 2920 sttn·
1991 2914 1992 2923 ,

280 2937 372 2992 Latina
384 2939 464 2995 ltabet
478 2939 590 3010 inepte,
606 2940 699 2994 onore
713 2949 802 2993 autern
818 2937 938 2996 'i'titt'o'rm

313 3009 358 3062 to,
371 3007 569 3065 iluromrarros.
590 3009 636 3065 Sic
657 3009 742 3063 codex
755 3008 876 3063 Latrduu.
893 3023 954 3063 cunt
969 3006 1063 3072 editis;
1117 3013 1194 3067 runt,
1215 3007 1355 3076 episcopos
1379 3008 1404 3061 iu
1427 3006 1609 3075 proconsulari
1632 3020 1739 3061 centum
1764 3006 1900 3077 sexaginta

277 3078 359 3133 oder
385 3089 473 3135 tanuen
497 3080 596 3135 littleri
611 3079 680 3150 apod
694 3078 824 3135 ortelium
845 3078 925 3134 itabat
948 3076 1066 3133 bosori·
1118 3085 1232 3144 quatuor
1260 3077 1350 3133 tuisse.
1377 3078 1508 3133 Catemm
1538 3078 1607 3133 iuter
1628 3093 1674 3132 ens
1702 3077 1836 3132 antistites
1862 3077 1902 3143 oui

278 3159 362 3205 aitrus.
1081 3178 1084 3185 ι
1118 3146 1233 3201 concilo
1265 3146 1475 3204 Clnrioetlooeusi
1510 3146 1709 3208 interfuerunt.
1741 3156 1902 3202 tuertroratut

313 3220 357 3273 il.
370 3220 591 3277 Tarroottutnsts.
604 3220 776 3290 'Pitamogada
800 3235 862 3285 ιιιι,
888 3227 916 3272 nt
930 3217 974 3272 alii
998 3210 1102 3274 scri-G
1118 3216 1252 3272 Alarcmius
1265 3220 1400 3290 episcopus
1413 3218 1547 3274 Cirtensis.
1559 3216 1610 3273 Sed
1626 3218 1680 3283 itte,
1692 3216 1728 3273 uti
1743 3217 1859 3282 ridetur,
1872 3233 1903 3273 ιι

278 3288 354 3357 boot,
366 3289 530 3360 Taurugada,
542 3292 656 3347 octobris
670 3291 739 3345 iuter
753 3299 864 3345 caeteras
878 3288 1009 3344 Numidia
1022 3304 1066 3342 ur·
1117 3286 1190 3342 Altis
1204 3304 1255 3342 oon
1268 3299 1336 3346 crat.
1354 3291 1435 3359 lingis
1448 3288 1545 3345 adrem
1560 3305 1601 3354 pet
1610 3289 1675 3343 tinet
1698 3287 1808 3355 iiupnus
1827 3284 1902 3342 Prin·

1118 2943 1171 2987 tuat
1186 2949 1219 2989 eo
1233 2942 1352 3004 tempore
1371 2953 1424 3006 tpto
1438 2936 1548 2991 Vandali
1565 2936 1593 2990 in
1607 2938 1721 2990 Atticam
1745 2938 1901 2991 transroise·
1991 2950 1992 2979 ss

278 3358 325 3412 bes
340 3361 397 3422 init,
413 3361 446 3415 de
460 3376 513 3431 qna
524 3361 599 3431 plora
608 3360 742 3430 congessit
757 3360 789 3415 V.
805 3357 998 3428 &Stephanus
1012 3359 1064 3411 iia·

280 3429 364 3483 lunius
379 3433 405 3485 in
426 3430 501 3486 Notis
514 3432 547 3486 ad
558 3435 627 3486 'Acta
641 3430 805 3502 purgationis
829 3429 975 3493 ceciliani,
991 3436 1065 3483 tomo

279 3498 300 3553 ll
315 3499 557 3567 Miscellaneorutn,
573 3515 632 3571 pag.
643 3499 706 3556 tto.
723 3498 838 3554 Notatur
852 3518 867 3551 o
880 3497 1027 3569 Tomsptnle
1036 3498 1065 3552 in

278 3570 390 3626 couci'io
405 3570 606 3641 Carthaginensi
618 3571 667 3627 sub
683 3582 775 3626 sartcto
789 3570 934 3642 cypriano,
949 3583 1022 3622 ourrr.
1035 3567 1065 3634 i,

279 3641 420 3696 lrnretrcos
432 3656 492 3698 osso
503 3640 708 3711 rebaptizandos
718 3642 831 3706 censuit,
843 3640 920 3709 cttjns
934 3638 1065 3709 objectio·

279 3723 340 3763 uem
354 3711 452 3767 releliit
467 3720 575 3767 sauctus
587 3711 751 3782 Augustinus
763 3711 867 3766 librom
879 3710 914 3766 de
929 3710 1066 3775 baptismo

234 3814 241 3822 ·
278 3787 370 3834 contra
387 3782 547 3845 linostimas,
560 3798 620 3855 cap.
638 3784 680 3839 ιι.
697 3782 753 3836 buo
771 3779 846 3836 inere
859 3781 979 3851 ejusdcm
991 3778 1065 3835 urbis

277 3848 394 3921 episcopi
407 3868 439 3907 ιι
456 3853 652 3909 Donatistarum
665 3863 736 3909 secta
749 3853 880 3916 celebres,
893 3852 1003 3915 Optatus
1012 3850 1065 3904 sci-

279 3920 386 3985 licet,a
409 3923 487 3978 beato
502 3924 650 3995 Augustino
664 3923 761 3993 passim
781 3929 964 3990 trtetnoratus,
988 3921 1065 3990 cnjus

281 3989 423 4048 Donatista
435 3995 553 4049 natalitia
566 3995 753 4059 celebrabant3
765 4003 794 4049 et
804 3992 970 4057 destinatius,
982 4007 1064 4061 quem

279 4059 358 4115 iidem
373 4063 535 4119 schismatici
549 4080 609 4120 conr
623 4067 683 4120 aliis
694 4080 740 4120 ιιι
758 4080 815 4119 suae
829 4072 910 4120 sectae
930 4061 1065 4132 episeopis

277 4128 432 4201 detegerent
447 4143 475 4189 ut
489 4148 597 4189 caussam
610 4149 778 4191 commoneto
798 4147 890 4189 contra
915 4133 1064 4189 catlroitcoa

278 4201 305 4254 itt
319 4203 461 4257 collatione
476 4215 690 4275 propugnarent:
711 4204 737 4260 in
751 4219 802 4272 qua
819 4204 974 4259 sitonicum
991 4200 1065 4255 Fun·

255 4336 259 4343 .
277 4269 388 4326 stiniono
400 4275 519 4341 episcopo
551 4276 611 4329 lebis
624 4272 980 4344 Tiromopndeusiacatitolico
990 4288 1065 4326 conr·

278 4341 365 4419 paruit
375 4356 434 4409 cap.
449 4341 509 4398 iit.
522 4292 592 4398 boos
605 4346 687 4399 libros
700 4356 792 4397 contra
804 4345 928 4399 cutndent
938 4341 1063 4397 Gauden-

279 4415 344 4462 ttum
358 4412 519 4480 conscripsit
540 4424 648 4469 sanctus
668 4412 847 4482 Augustinus,
863 4413 907 4484 qui
930 4411 1063 4465 ltabentur

279 4487 343 4531 totu.
360 4477 394 4533 ΙΧ
407 4482 472 4535 edit.
487 4482 675 4537 benedictino.
690 4480 832 4554 'i'oruopttdi
841 4484 939 4537 babent
953 4479 1063 4536 Tabuiae

1117 3358 1207 3425 cipalis
1218 3357 1355 3423 Cirtensis,
1373 3364 1398 3413 iu
1414 3360 1526 3429 epistola
1542 3358 1603 3421 159.
1618 3360 1684 3414 alins
1697 3358 1758 3420 158,
1772 3374 1904 3414 memora·
1990 3416 1991 3431 ζ

1118 3435 1161 3482 tus
1175 3429 1208 3483 ab
1223 3428 1389 3499 Augustiuog
1404 3431 1526 3499 utramvis
1540 3431 1611 3485 enirn
1623 3429 1708 3484 nostri
1728 3428 1850 3485 Cirtensis
1863 3444 1903 3483 rr·
1990 3468 1991 3493 ,

1119 3501 1264 3566 posuerint,
1282 3510 1442 3555 monuerunt
1454 3510 1544 3556 tanuen
1559 3502 1585 3553 iu
1604 3500 1742 3556 codicibus
1755 3516 1823 3557 mas
1836 3500 1853 3556 5
1866 3511 1903 3554 to·
1990 3498 1991 3501 ’

1119 3569 1251 3635 tidemonc
1264 3570 1343 3623 editis
1354 3571 1480 3626 Cirtensis
1495 3569 1598 3626 ltabcri.
1990 3560 1991 3585 ¹

1153 3641 1197 3696 81.
1213 3640 1362 3696 Pantanus
1377 3642 1600 3698 Ntcosanrersts.
1617 3640 1640 3694 ιι
1660 3640 1719 3709 ipsc
1733 3650 1775 3695 est
1801 3638 1902 3695 Purda-

1117 3712 1168 3766 lius
1178 3710 1330 3781 episcopus,
1344 3712 1381 3765 uti
1394 3710 1509 3777 tidctnr,
1520 3712 1564 3779 (μή
1581 3710 1702 3766 Romano
1714 3711 1829 3768 concilio
1843 3727 1904 3767 cnut

1118 3785 1203 3836 trilnn
1218 3782 1276 3835 ai's
1297 3781 1431 3837 Airicanis
1455 3782 1589 3850 episcopis
1612 3782 1730 3836 interluit
1751 3797 1823 3835 antro
1843 3781 1903 3835 ιιι.

1117 3851 1183 3908 ‘ires
1199 3867 1246 3922 por
1263 3873 1278 3903 o
1292 3852 1496 3920 hrrjusnmninis
1516 3852 1594 3906 orbes
1614 3852 1640 3906 iu
1657 3852 1745 3907 Airica
1766 3853 1903 3918 distiugntt

1118 3924 1247 3978 llenrlcus
1260 3922 1391 3984 Norisius,
1407 3938 1519 3991 quarunt
1535 3923 1603 3977 situs
1620 3941 1650 3975 ct
1668 3923 1804 3977 Antonino
1827 3922 1904 3977 iacile

1117 3994 1206 4061 colligi
1232 4003 1328 4062 potest.
1355 3992 1474 4047 Priorem
1510 3993 1606 4062 quippe
1631 3992 1657 4047 in
1685 3993 1806 4048 Numidia
1832 3994 1902 4057 loctt
1989 4004 1990 4017 ¹

1117 4066 1152 4121 il.
1168 4065 1203 4120 Μ.
1217 4065 1246 4118 P.
1261 4064 1314 4119 tttt
1329 4062 1399 4118 Cirta
1422 4063 1581 4125 distantem
1606 4063 1715 4117 alteram
1740 4063 1766 4117 iu
1792 4063 1900 4119 Tabulis

1118 4136 1326 4203 Peutiogeriauis
1343 4132 1505 4189 discontodes
1525 4130 1637 4188 iiinores
1651 4134 1826 4202 appellatam,
1845 4146 1901 4188 sta·

1117 4206 1167 4261 tuit
1184 4207 1254 4261 irttar
1268 4207 1344 4288 135
1356 4203 1508 4258 introitum
1522 4214 1549 4258 ct
1567 4200 1667 4257 Tirenns
1686 4206 1829 4274 iiytrtccnnr
1843 4221 1904 4273 pro·

1116 4278 1211 4333 vincia
1227 4278 1362 4339 citnates,
1379 4285 1405 4329 et
1421 4274 1499 4341 paulo
1527 4285 1569 4329 ost
1581 4271 1762 4329 intcrYirenus
1773 4286 1801 4329 et
1819 4274 1901 4329 l'iltrs

1119 4346 1221 4409 Vicum,
1242 4358 1298 4402 tunt
1324 4344 1450 4411 Tacapas,
1465 4289 1535 4401 ttotic
1557 4343 1636 4399 istaut
1659 4344 1686 4398 itt
1712 4344 1858 4415 Byzacena
1875 4355 1905 4401 et

1116 4416 1289 4484 Tripolitana
1314 4415 1430 4472 couiniu
1459 4416 1536 4469 sitam
1565 4413 1646 4470 inisse
1670 4414 1813 4481 discimus,
1832 4416 1903 4485 quod
1988 4424 1989 4433 ¹

1116 4487 1196 4541 etiam
1210 4497 1282 4555 patet
1292 4502 1322 4541 et
1339 4485 1416 4543 Plinii
1429 4483 1475 4540 tio.
1493 4500 1517 4550 t,
1530 4499 1590 4553 cap.
1603 4486 1630 4545 ι,
1645 4484 1688 4539 nti
1706 4485 1810 4556 Byzacii
1824 4487 1903 4541 urbes

278 4546 500 4619 Pettingcrianar,
514 4551 658 4622 Tomupttdi
675 4556 701 4606 iu
716 4552 843 4606 donnini
858 4551 1010 4611 itinerario:
1023 4551 1063 4607 sic
1072 4576 1103 4639 D
1116 4572 1346 4622 commemorans,
1363 4558 1443 4613 babet
1463 4553 1743 4624 dissensionem.
1758 4555 1825 4610 inde
1837 4555 1903 4611 Tite·

277 4623 573 4707 pnmoeappelluturio
585 4631 652 4679 actus
666 4623 751 4678 sancti
766 4619 1062 4705 iiamrnariiffljam

277 4690 967 4834 tltlidli‘iuitrlt'lttiftlbtitt
980 4703 1062 4831 tii

165 4892 176 4907 ,
277 4840 406 4885 remorant
431 4831 522 4888 luisse.
540 4835 638 4889 Enersa
664 4834 741 4889 inita
760 4833 876 4903 Neuris,
898 4842 927 4889 ut
949 4841 1062 4891 testatur

277 4897 421 4970 Procopius
435 4902 480 4957 lib.
493 4919 513 4958 ιι
524 4904 557 4961 de
569 4905 642 4960 bello
654 4905 808 4967 larudattro,
817 4905 864 4960 scd
879 4904 952 4961 breti
969 4914 1060 4973 postea

276 4981 449 5026 restauratam
466 4972 548 5029 inisse
566 4974 700 5045 colligitur
714 4992 746 5030 er
760 4975 855 5031 codem
870 4987 990 5041 auctore,
1014 4975 1061 5044 qui

277 5041 356 5119 paulo
370 5042 479 5167 integrius
493 5046 595 5115 copiam
609 5046 712 5117 irugum
727 5045 871 5101 maximam
891 5047 918 5101 in
932 5061 964 5102 ea
978 5046 1061 5100 exsti-

277 5118 342 5163 trase
355 5113 407 5166 scri
428 5114 458 5168 it.

312 5179 356 5234 tt.
371 5180 518 5241 lacctensts.
533 5185 602 5240 inira
613 5200 686 5240 num.
700 5185 734 5241 85
745 5196 909 5242 memoratur
919 5186 1060 5241 ianuarias

276 5244 405 5318 depensis.
422 5253 455 5308 Et
468 5270 503 5310 ιι
521 5255 669 5310 cottnione
690 5252 816 5325 Cartltag.
838 5256 988 5326 colligimus
1010 5254 1061 5311 du-

274 5318 370 5386 plicent
388 5320 415 5375 in
435 5323 523 5380 Airlca
538 5326 620 5380 luisse
634 5326 780 5393 Lugentem
800 5326 903 5381 urbem.
918 5325 983 5381 Nant
997 5339 1056 5395 cop.

275 5387 323 5442 tat
339 5389 468 5472 Datianus
477 5396 610 5465 episcopus
624 5396 704 5465 plebis
717 5394 839 5468 [repensis
856 5397 1003 5452 catholicus
1017 5397 1057 5449 al·

275 5456 389 5514 strarant
407 5465 507 5518 ruituro
527 5480 557 5520 se
574 5466 671 5522 trabere
687 5466 848 5521 bortatiotam
863 5466 1055 5522 adversarium.

273 5524 367 5597 Capite
374 5545 436 5586 vero
445 5534 495 5591 itt
506 5532 656 5590 Cresconius
667 5537 801 5605 episcopus
809 5537 929 5606 depensis
937 5553 970 5593 ιι
982 5546 1058 5604 parte

275 5596 380 5680 Dottnti,
396 5602 579 5659 adversarium
591 5621 640 5659 occ
654 5619 684 5661 se
699 5607 807 5667 trabere.
819 5622 868 5663 uec
879 5622 992 5678 unquam
1007 5607 1056 5660 ira-

274 5665 506 5739 bntsseproicssus
516 5684 566 5729 est.
582 5673 714 5730 Fortassis
723 5676 748 5730 in
762 5677 891 5733 alterutro
901 5676 1058 5733 collationis

273 5740 332 5792 lurco
345 5740 475 5812 Lepiensis
486 5760 534 5815 pro
550 5746 669 5816 depensis
690 5746 829 5815 legetrdunt
845 5757 901 5813 est;
917 5756 962 5802 aut
983 5756 1057 5803 certe

287 5820 296 5858 ι
312 5806 412 5869 Notitia
421 5816 562 5880 utrobinue
573 5814 690 5878 depensis
699 5817 779 5874 scribi
790 5816 880 5876 debet.
893 5818 976 5875 Porro
989 5818 1058 5874 dite-

1118 4642 1167 4690 nte,
1182 4626 1356 4689 Macomades,
1376 4626 1489 4693 Tacape,
1503 4624 1624 4687 Subrntn.
1642 4625 1727 4679 Urbes
1750 4627 1793 4681 bic
1809 4643 1903 4682 receti·

1117 4698 1175 4751 sitae
1186 4708 1248 4752 aute
1263 4697 1431 4754 Alacotuades
1441 4716 1472 4754 us
1487 4700 1623 4770 titaneus
1646 4708 1721 4749 crant
1734 4712 1742 4761 ;
1757 4712 1818 4766 qua
1838 4713 1902 4752 sero

1118 4776 1209 4835 trustra
1232 4775 1380 4838 sequuntur
1392 4786 1425 4825 ex
1440 4763 1694 4839 trtpotrtanntlioc
1709 4765 1793 4821 Linus
1813 4765 1903 4821 baco-
1987 4812 1988 4817 ,

1116 4838 1251 4893 madiensis
1267 4840 1291 4893 itt
1307 4840 1404 4894 Notitia
1416 4841 1520 4908 itupurii
1535 4835 1715 4896 Occidentalis
1734 4839 1838 4911 partitur
1852 4838 1900 4891 sti
1987 4856 1988 4861 ’

1115 4910 1231 4963 custodio
1246 4910 1317 4962 ducis
1330 4909 1584 4978 t'rtpotttnnitouio
1601 4910 1715 4981 deinque
1736 4913 1798 4966 urbs
1813 4906 1902 4966 decr·
1944 4922 1946 4925 ’

1115 4979 1200 5033 trunto
1216 4978 1302 5049 Syrtis
1316 4982 1340 5033 itt
1362 4980 1456 5034 itinero
1471 4979 1572 5045 achti
1598 4983 1690 5039 Naana
1710 4985 1900 5039 Alexandriana

1114 5051 1240 5116 occurrit,
1259 5051 1369 5118 prolude
1390 5049 1498 5105 omnino
1512 5049 1619 5104 dnrctsa
1635 5053 1717 5107 abiis
1733 5070 1797 5122 ugnas
1818 5069 1900 5121 supra

1113 5121 1393 5176 cutrnnetnorarimus.
1405 5120 1488 5174 Porro
1499 5120 1525 5175 iu
1536 5120 1684 5176 Coliatione
1694 5121 1900 5191 Contingunt-nsi

1112 5189 1210 5258 sapius
1225 5190 1398 5246 interlocutus
1412 5200 1453 5245 est
1474 5191 1551 5245 Aurei
1564 5207 1595 5248 us
1612 5192 1754 5261 episcopus
1770 5194 1899 5249 Ecclesiae

1112 5257 1344 5325 Macomadieosis,
1354 5271 1381 5315 ct
1395 5261 1544 5329 comparuit
1554 5259 1624 5316 iuter
1635 5264 1727 5318 Patres
1741 5265 1901 5327 catirolioos,

1111 5344 1171 5398 cap.
1186 5332 1249 5393 tto.
1264 5347 1323 5386 curu
1339 5346 1388 5385 stru
1401 5331 1553 5387 aduersario
1567 5346 1600 5385 ιι
1616 5342 1691 5400 parte
1712 5335 1803 5389 Donati
1818 5333 1902 5388 Suis·

1111 5402 1169 5452 stin.
1187 5399 1260 5456 illuto
1276 5416 1338 5455 tero
1348 5416 1380 5456 et
1392 5398 1513 5455 Numidia
1530 5400 1611 5455 tuisse
1625 5411 1698 5471 patet
1711 5419 1743 5459 ιι
1758 5420 1815 5470 cap.
1832 5402 1900 5466 tat,

1112 5468 1156 5523 ubi
1172 5485 1201 5524 sc
1218 5471 1400 5541 presbyterum
1414 5469 1512 5526 lraberc
1525 5480 1637 5525 testatus
1649 5482 1691 5527 est
1704 5474 1731 5529 in
1746 5474 1810 5529 orbo
1820 5471 1901 5525 idnsae

1111 5540 1188 5604 reno,
1203 5540 1267 5594 duur
1283 5541 1337 5596 illic
1359 5542 1501 5610 episcopus
1524 5540 1704 5598 ordinnetor.
1723 5542 1809 5599 ldassa
1823 5543 1901 5597 nunu

1112 5609 1146 5663 ad
1161 5608 1309 5664 Numidiam
1326 5609 1484 5678 pertinebat,
1499 5616 1528 5666 ut
1541 5624 1574 5665 ιι
1590 5609 1639 5667 bac
1654 5610 1713 5680 ipsa
1727 5614 1821 5668 Notitia
1835 5627 1902 5666 rer·

1113 5687 1168 5731 toro
1191 5679 1284 5734 estid
1307 5679 1469 5749 Byzacenatu
1490 5680 1579 5750 itaquo
1600 5682 1740 5739 referenda
1758 5680 1901 5739 estaitera

1111 5748 1284 5815 liacutnadia,
1307 5766 1366 5817 guar
1390 5751 1416 5805 itt
1440 5749 1532 5805 cadero
1551 5747 1700 5807 Collatioue
1723 5762 1895 5809 mernoramr.

1112 5817 1177 5875 Natu
1189 5819 1377 5876 liacotttadiatu
1400 5820 1532 5891 duplicem
1548 5820 1574 5877 iu
1587 5818 1710 5880 Numidia
1729 5823 1801 5884 solut
1812 5835 1912 5922 stop·
