4080 6348
213 265 278 335 'trs
505 213 507 217 y
552 212 560 219 .
649 236 653 244 ’
860 262 983 322 stuonu
1001 262 1229 325 nsotttssms
1806 269 1854 334 nu

225 384 295 454 Ergo
309 385 392 443 animi
406 384 505 443 dudum
519 380 672 452 impatiens,
688 385 829 449 postquam
845 378 931 435 audiit
944 378 988 437 isti
1029 381 1161 446 Allonec
1175 380 1209 436 ed
1220 379 1369 438 anfractum
1384 385 1463 439 meta
1476 380 1531 452 iam
1544 381 1777 454 lamqoerelictos

226 481 369 552 imperium
384 490 412 536 et
425 480 532 549 longum
544 474 635 541 statui,
651 473 750 530 laniata
762 471 877 529 lacertos
1067 472 1177 530 Concita
1191 483 1232 529 tor
1242 487 1336 543 sparso
1350 472 1429 544 tregit
1442 472 1556 545 vestigia
1571 488 1671 553 pomo.-

225 571 377 642 lngreditur
395 584 446 639 qua
461 576 546 625 strata
557 564 618 632 riri,
636 577 782 634 uocemque
796 566 929 620 torentem
1066 564 1118 633 Qui
1130 563 1203 619 ridet
1216 562 1288 619 htrnc
1300 563 1434 635 equitem,
1450 563 1577 620 Ledaum
1593 566 1696 635 spernit
1710 565 1854 640 alumnum,

225 662 273 717 llis
288 661 369 731 rupit.
385 658 484 719 secure
494 656 568 727 iaces
582 654 666 711 oblite
681 664 800 721 tuorum,
1068 657 1108 711 Ac
1118 654 1243 725 juvenem
1256 652 1418 711 Sthenelroea
1436 664 1528 723 laum,
1542 655 1584 712 cui
1600 662 1674 727 terga
1688 665 1809 715 vetustas

224 755 247 811 0
261 755 344 824 piger,
360 760 388 807 ct
403 748 501 817 nuondo
516 749 640 819 princepe
654 749 711 819 (sic
723 747 822 807 saecula
833 747 964 818 poscunt)
1068 746 1180 803 Penuali
1195 745 1306 816 largitur
1317 746 1390 818 aqui,
1404 745 1566 819 Lyciamque
1578 746 1739 805 colmanne

224 845 386 915 Maiorianus
397 841 465 907 erite
480 841 599 897 clamant
614 842 664 897 hoc
676 840 765 897 sidera
780 839 876 911 siguis,
1067 840 1152 910 Quem
1167 854 1310 911 superasse
1323 841 1423 906 relerl,
1434 841 1533 897 uulnus
1546 856 1607 899 curn
1619 844 1730 901 sustulit
1741 859 1823 901 unum

224 938 282 992 lloc
297 935 418 991 homines
431 934 501 989 uotis
515 950 522 987 t
538 932 580 988 isti
594 931 656 1002 quid
668 931 758 988 sidera
773 945 875 1000 quaero,
1067 931 1134 987 'ires
1145 932 1248 987 animas
1263 948 1272 989 r
1285 931 1368 987 sitam
1384 940 1439 986 tum
1453 933 1476 988 si
1492 932 1541 988 tihi
1554 934 1605 989 lata
1620 934 1770 1007 dedissent,

223 1029 320 1087 Fatum
332 1007 404 1082 aliud
419 1026 462 1083 cui
475 1026 537 1081 lucit
548 1025 641 1081 amor?
656 1024 693 1080 nil
708 1023 803 1079 lortius
818 1024 874 1079 illo.
937 1019 941 1025 '
1067 1020 1212 1090 Maioriane
1225 1022 1309 1092 teror,
1325 1023 1458 1079 vetuisses
1470 1020 1581 1080 Castora
1595 1025 1699 1093 ironos,

224 1120 259 1175 Et
273 1134 341 1195 puer
355 1125 397 1173 est
409 1116 521 1186 cupidus
535 1130 682 1186 uunquam,
697 1115 745 1171 scd
761 1128 856 1184 parcus
872 1114 998 1171 lrahcudi.
1066 1110 1201 1168 Pollucem
1217 1123 1324 1179 caestus,
1338 1113 1467 1172 Alconem
1480 1114 1583 1185 spicula
1597 1130 1688 1189 nosse,

225 1213 330 1282 Pauper
342 1210 430 1267 adhuc
443 1209 498 1280 iam
514 1211 613 1281 spargis
627 1223 704 1280 opes,
720 1208 837 1280 ingentia
851 1208 947 1266 suadet
1067 1203 1305 1272 Bellerophonteis
1320 1205 1495 1263 insultaturos
1509 1207 1617 1279 opimis.

224 1305 354 1373 Consilia,
371 1311 398 1359 et
412 1302 548 1371 sequitar3
567 1310 652 1358 totum
664 1300 735 1371 quod
748 1301 858 1372 cogitat,
871 1301 953 1357 altum
964 1307 1014 1358 cst.
1066 1295 1095 1351 Si
1107 1296 1230 1368 clypeum
1247 1297 1344 1382 capiat,
1360 1299 1443 1355 uincit
1458 1299 1604 1358 Tdamone
1617 1312 1755 1371 creatum,

224 1396 310 1468 Urget
322 1394 393 1467 quoti
408 1401 498 1464 sperat
511 1409 517 1445 :
534 1389 625 1448 ludum
638 1391 662 1448 si
675 1391 744 1447 torte
754 1400 891 1457 retexam,
1068 1385 1118 1452 lint
1131 1402 1233 1458 puppes
1246 1386 1434 1458 interducias,
1450 1392 1681 1459 coutraliectoris
1695 1397 1798 1467 iguem,

130 1500 132 1504 ’
226 1486 409 1555 Consumpsit,
423 1482 552 1555 quidquid
565 1482 660 1552 iaculis
674 1481 772 1538 iecisse
787 1483 901 1551 putaris,
1068 1478 1155 1547 lpsanr
1168 1480 1250 1536 ctiam
1262 1479 1337 1537 iulldi
1350 1481 1464 1539 classem
1478 1482 1598 1540 deiendlt
1611 1486 1715 1558 illyris.

224 1579 305 1637 latins
317 1593 370 1634 uua
383 1577 440 1634 dics
454 1593 460 1628 :
475 1576 559 1632 trihus
569 1574 641 1630 hunc
656 1583 790 1632 tremuere
802 1575 907 1645 sagittis
1069 1567 1168 1625 Miselle
1182 1569 1205 1626 si
1220 1578 1319 1641 quanto
1331 1571 1466 1641 iaculetur
1479 1574 1598 1645 pondere
1610 1577 1720 1647 quaeis,

225 1680 240 1710 ⁸
255 1670 369 1741 Anguis,
383 1682 489 1733 cerutus,
504 1681 584 1737 apor;
600 1664 614 1705 b
629 1681 682 1722 non
694 1666 735 1723 sic
749 1666 857 1722 librauit
871 1667 899 1723 in
913 1667 1018 1726 lrostcm
1068 1658 1183 1729 sithius
1195 1661 1304 1717 5⁰80th
1318 1663 1456 1733 heridani
1470 1679 1520 1736 tlte
1533 1664 1607 1723 fatte
1620 1665 1742 1726 &millet

226 1765 344 1836 Spauta,
359 1762 403 1833 quq
419 1770 483 1817 „³10
495 1761 628 1832 serpentis
639 1775 752 1832 corpore
764 1764 864 1829 caneto,
1030 1751 1055 1813 B
1069 1750 1192 1809 Excussit
1206 1752 1288 1809 telum
1303 1753 1431 1822 Metabus,
1446 1771 1497 1813 uec
1509 1757 1616 1817 turbine
1627 1766 1703 1817 tanto

225 1855 289 1911 Plus
305 1853 403 1921 timuit,
417 1852 480 1908 dum
492 1852 635 1919 succurrit,
648 1852 837 1924 domjactihus
850 1853 944 1910 iisdem
1068 1842 1186 1901 Sirillllli
1200 1844 1297 1902 Pelldae
1310 1861 1358 1917 tier
1370 1846 1479 1905 Troilon
1491 1848 1557 1907 cxlii
1568 1853 1671 1907 crrtlrtt

225 1945 365 2004 interitum
378 1944 513 2016 vitamque
527 1944 613 2013 daret,
628 1942 803 2013 mobilemque
816 1952 920 2000 terreret
1067 1938 1148 2011 315
1160 1939 1215 1995 Nec
1227 1940 1266 1997 εἷο
1280 1942 1392 1998 heroum
1406 1943 1557 2000 tardantem
1573 1945 1649 2002 busta
1661 1944 1806 2006 Creontem

225 2036 314 2093 Corde
327 2046 459 2093 tremente
469 2050 590 2102 manum,
607 2043 742 2107 totamque
756 2036 841 2092 exiret
853 2036 880 2091 iu
894 2044 979 2092 artcm
1070 2031 1176 2087 Atticus
1189 2031 1299 2103 AEgides
1310 2035 1381 2105 rupit
1395 2035 1580 2094 Marathonide
1593 2053 1717 2115 quercu:

224 2129 279 2199 spe
291 2129 417 2203 propiore
426 2134 524 2196 metus,
540 2126 608 2183 daus
621 2126 692 2183 iuter
706 2127 826 2184 mamhra
839 2126 953 2184 duorum
1070 2122 1127 2180 Nec
1140 2124 1179 2181 sic
1193 2124 1322 2181 intortum
1336 2126 1441 2183 uiolata
1454 2127 1606 2185 Phoehados
1618 2130 1700 2187 ultrix

225 2220 311 2277 lluius
323 2228 436 2276 mortem
451 2236 456 2272 :
473 2219 554 2275 llhcat
564 2218 710 2276 decernere
723 2229 816 2287 cestu,
1068 2215 1096 2271 ln
1111 2215 1217 2273 Danaos
1232 2216 1331 2274 tulmen
1344 2218 1420 2288 jecit,
1436 2235 1496 2275 cum
1507 2219 1615 2286 ⁸Gracia
1629 2222 1719 2294 l'roja

226 2310 314 2369 Cessit
325 2312 395 2384 Eryx
408 2311 527 2379 Siculas,
543 2310 625 2367 simili
638 2326 688 2367 nec
701 2311 791 2369 floruit
800 2321 858 2371 arte
1068 2307 1180 2365 Noctem
1190 2308 1294 2378 hahuit,
1304 2311 1472 2381 similemque
1482 2311 1577 2379 lacem,
1588 2314 1707 2386 fixusque
1717 2316 1856 2387 capharei,

226 2403 309 2478 314
320 2404 426 2476 Sparta,
438 2403 603 2474 Therapnaea
617 2404 735 2476 pugilem
744 2419 806 2462 cum
816 2408 949 2479 gynlnadc
959 2408 1016 2480 pin.
1067 2400 1198 2458 Cautibus
1212 2401 1284 2459 inter
1296 2417 1378 2473 aquas
1392 2403 1527 2460 hammam
1542 2392 1664 2461 ructabat
1676 2406 1780 2465 Oileus.

886 2498 980 2572 [gnam
1102 2494 1303 2567 Parraloquor:
1315 2495 1378 2566 quid
1396 2498 1466 2568 quod
1486 2498 1591 2569 quoties
1603 2497 1651 2555 tihi
1669 2500 1740 2557 halla
1763 2516 1857 2573 geruu·

228 2600 241 2630 ⁶
255 2589 360 2647 Stratus
375 2588 512 2660 Bebryciis
527 2588 643 2661 Amycus
655 2590 775 2658 suspexit
787 2591 889 2647 arenis.
1759 2592 1825 2667 μιν,

227 2682 277 2750 Qut
290 2681 366 2752 rigor
380 2680 407 2737 ιιι
421 2680 552 2751 pedihus?
568 2680 666 2737 trustra
678 2682 729 2738 siat
740 2692 818 2739 natus
832 2683 945 2755 Ophelte
1067 2678 1219 2750 Discipulos
1230 2695 1285 2736 nerr
1304 2680 1382 2739 miles
1394 2680 1488 2738 adestt
1502 2692 1531 2739 ct
1544 2683 1620 2755 angit
1634 2685 1790 2757 alumnum,

227 2773 360 2832 Sicaniam
376 2774 467 2831 trihuit
481 2775 610 2845 palmam,
626 2775 785 2847 plantasque
798 2780 928 2849 superbas
1066 2776 1192 2833 AEmulus
1206 2786 1318 2835 econtra
1329 2780 1453 2849 spectat?
1465 2779 1536 2850 quod
1549 2780 1647 2837 viceris
1660 2781 1727 2848 odil,

226 2865 304 2923 llaud
316 2866 352 2921 ita
365 2866 522 2935 persiccum
534 2866 655 2923 Nemeen
669 2866 762 2925 “citus
772 2870 867 2926 extulit
881 2871 979 2941 Arcas,
1067 2868 1101 2924 Et
1111 2883 1179 2939 quos
1189 2866 1276 2924 vincis
1286 2879 1358 2925 aurat
1378 2885 1386 2927 ι
1401 2877 1472 2926 totus
1484 2870 1610 2927 dormitat
1624 2872 1657 2928 ad
1669 2872 1750 2930 istum

227 2957 310 3032 Cujus
321 2959 349 3014 in
364 2958 453 3016 AEtolo
465 2968 477 2997 ⁰
488 2958 644 3016 rolimntcm
658 2961 768 3031 pulvere
783 2973 896 3020 matrem
1070 2962 1181 3034 hlagnus
1195 2961 1358 3028 Alexander,
1373 2963 1458 3034 patris
1469 2979 1548 3035 quern
1562 2964 1648 3035 gloria
1664 2967 1751 3022 torsit.
1814 2990 1819 2997 ·

227 3053 338 3110 llorruit
351 3052 545 3125 llippomeucs,
561 3053 647 3111 multo
661 3056 705 3126 qui
720 3058 822 3128 cespite
834 3058 908 3114 circi.
1071 3056 1141 3126 Quid
1155 3056 1251 3112 luciam
1264 3056 1377 3113 iniclixi
1393 3066 1454 3112 nalo
1466 3073 1526 3128 qum
1541 3073 1622 3129 regua
1636 3059 1756 3129 parabo,

227 3143 388 3214 Gonmmptu
403 3145 557 3209 praemissus
570 3156 641 3214 crat,
656 3161 716 3202 cum
731 3150 848 3205 carceris
861 3159 938 3206 antro
1031 3142 1054 3206 C
1071 3150 1185 3207 Exclusa
1198 3150 1311 3223 sceptris
1323 3151 1433 3219 Geticis,
1448 3152 1598 3222 respublica
1609 3154 1631 3208 si
1642 3168 1685 3208 me

227 3234 345 3291 Emicuit
358 3236 451 3305 pernis
466 3236 564 3306 populo
578 3237 727 3308 trepidante
737 3238 840 3310 rirago,
1070 3246 1205 3312 Praeterit,
1221 3254 1249 3302 et
1265 3243 1276 3283 ¹
1293 3260 1391 3316 paruus
1404 3260 1486 3317 super
1499 3247 1550 3302 hoc
1565 3244 1731 3303 Gaudentius
1747 3245 1827 3318 hujus

227 3324 272 3380 ltil
286 3333 341 3381 toto
355 3334 457 3381 tactura
471 3327 565 3396 gradu,
579 3342 641 3384 cum
654 3328 768 3397 pallidus
782 3331 827 3386 illc
1069 3334 1193 3393 Calcatur
1207 3337 1286 3395 talisi
1297 3337 1378 3393 istum
1391 3337 1445 3407 iam
1460 3336 1544 3393 Gallia
1557 3336 1659 3406 laudat,

227 3414 386 3487 Respiceret
397 3417 514 3474 medium
528 3427 588 3488 post
600 3434 630 3476 se
644 3419 800 3478 decrescere
812 3437 946 3495 canrpum,
1070 3429 1201 3500 Quodque
1211 3444 1260 3499 per
1271 3430 1405 3500 Europam
1418 3436 1460 3486 est
1470 3446 1478 3483 c
1490 3428 1585 3500 rigidis
1594 3428 1666 3486 hunc
1677 3428 1761 3486 ahlalt
1772 3427 1857 3498 dudm

228 3507 263 3566 Et
276 3506 370 3578 longas
384 3507 504 3579 adsigna
520 3509 576 3566 rias
587 3551 596 3578 ,
609 3510 726 3582 llatuquc
738 3514 888 3585 propinquo
1071 3518 1199 3589 lilreuus,
1215 3523 1293 3590 Arar,
1308 3520 1468 3592 Rhodanus,
1482 3521 1566 3590 diosa,
1580 3519 1710 3587 Matrona,
1726 3521 1859 3593 Sequana,

228 3600 341 3659 Pressas
356 3600 382 3657 in
396 3599 486 3657 hostili
498 3600 553 3673 jam
567 3613 687 3660 curreret
698 3605 793 3662 aurius
808 3607 919 3676 umlrra,
1387 3617 1393 3622 '
1678 3612 1708 3685 [t
1724 3613 1823 3680 Ledus,

266 3764 276 3784 ¹
297 3762 361 3818 linc
381 3763 477 3818 ilcrum
499 3769 692 3818 commemorat
714 3762 834 3819 carmine
854 3764 898 3829 li,
915 3775 1017 3823 cxstnt·
1071 3778 1193 3833 senator,
1211 3769 1238 3833 ὃς
1251 3774 1294 3828 teri
1310 3772 1396 3834 endec
1414 3773 1616 3847 ἐστρατεύσατο.
1631 3770 1724 3826 Genait
1738 3787 1771 3826 cc
1787 3771 1860 3827 lilla«

230 3848 283 3905 que
295 3833 330 3890 do
342 3832 435 3890 eaden
458 3848 488 3889 rc
509 3841 586 3888 cetus
605 3832 747 3889 distichum
772 3834 818 3889 lib.
839 3852 867 3890 tv
884 3839 1018 3907 epigram·
1072 3842 1147 3896 trione
1160 3841 1282 3897 Atalanta
1297 3841 1532 3913 Parthenopaeum,
1546 3846 1589 3914 qai
1604 3840 1747 3897 erchannru
1759 3843 1861 3915 capedi-

230 3913 348 3973 metum,
373 3904 444 3976 quod
466 3904 587 3960 Piraeeus
612 3903 715 3961 Sidonii
739 3905 823 3975 ipsltls
845 3922 905 3963 csse
926 3910 1020 3981 conjo-
1072 3913 1334 3967 tioneursccutuscsl.

230 3977 318 4034 ctahat
334 3994 341 4030 t
1110 3992 1122 4021 ·
1138 3984 1299 4039 Amiculum.
1310 3985 1394 4039 Antea
1407 3982 1517 4038 Martem
1528 3982 1674 4051 legebatur,
1685 3982 1759 4038 nullo
1770 3996 1860 4039 sensu.

289 4067 391 4127 coraus,
401 4080 470 4130 aper,
484 4067 651 4127 colnhennon
660 4066 829 4132 comedente
838 4081 934 4120 ueneno
1075 4054 1165 4125 itaquo
1177 4063 1249 4110 certa
1267 4063 1348 4110 estet
1362 4055 1530 4117 necessaria,
1547 4054 1609 4110 licet
1623 4052 1703 4108 unius
1718 4062 1819 4108 teritum
1834 4058 1861 4109 et

321 4130 517 4190 Vitaruuttctus,
529 4130 670 4191 majoriane,
683 4138 747 4180 laos,
812 4198 817 4203 .
1072 4124 1197 4191 alterius,
1219 4139 1268 4180 nec
1287 4127 1449 4193 optimorum
1469 4124 1602 4191 codicum,
1619 4123 1781 4179 currendatio.
1802 4123 1862 4180 Filii

1073 4196 1213 4251 occasione
1227 4205 1339 4251 matrem
1351 4203 1553 4262 commemorat,
1570 4206 1598 4250 ut
1612 4205 1640 4250 ct
1651 4194 1754 4251 Satius
1766 4194 1861 4252 eodem

263 4262 278 4303 b
293 4263 377 4318 Alcon
392 4261 434 4315 llic
448 4258 583 4315 Cretensis
597 4276 604 4313 :
620 4259 654 4312 de
666 4274 719 4328 quo
730 4267 756 4313 et
771 4259 885 4316 Phalera
901 4259 955 4315 lilio
965 4260 1019 4315 hla-
1073 4265 1151 4321 loco:

230 4333 338 4391 uiliusv
353 4332 567 4397 detruncatum,
585 4338 613 4384 et
624 4329 744 4384 Valerius
758 4329 869 4385 Flaccus
882 4331 1021 4399 Argonau·
1134 4357 1196 4408 ΝΟΜ
1208 4370 1297 4420 „mm
1307 4371 1380 4408 ems„
1394 4373 1400 4409 :
1414 4359 1468 4419 qu„
1479 4357 1595 4409 Mamali,
1605 4354 1725 4408 315„stae

230 4404 302 4458 ticon
316 4418 334 4454 r.
351 4400 404 4454 Nec
419 4400 510 4454 atinus
521 4398 656 4468 eleganter
671 4398 780 4455 Graccus
797 4408 874 4468 poeta
890 4372 1060 4457 unstrote-D
1134 4419 1235 4469 Nesciat
1247 4423 1374 4482 egregium
1384 4412 1508 4481 (recum
1520 4422 1623 4484 uestigia
1633 4423 1727 4469 cunctis

229 4473 280 4545 gisa
293 4471 340 4527 lilt.
354 4484 390 4535 sl,
405 4470 449 4525 lt.
1134 4480 1318 4543 Indcprelreusa
1333 4482 1428 4544 procis?

283 4558 364 4618 liuida
375 4565 460 4638 πατὴρ
474 4556 569 4616 ”alneu
584 4561 646 4634 ὀλοῷ
660 4581 720 4633 apta
744 4560 817 4615 θέντα
829 4558 948 4633 δράκοντι

335 4629 377 4685 'Ad
396 4636 471 4698 neec,
485 4629 553 4689 decli
566 4631 638 4696 τόξον
657 4581 756 4703 &nephe
773 4634 842 4708 χερί.
1113 4626 1123 4665 l
1140 4627 1268 4682 Filiorum
1281 4627 1361 4693 Aelii,
1377 4643 1490 4698 quorum
1504 4628 1611 4696 quidem
1626 4627 1862 4699 memorarentur,

283 4703 364 4763 enada
375 4650 450 4758 ςὀὐκ
468 4690 608 4778 ἀφάμαρτε.
625 4699 667 4761 διὰ
680 4700 808 4773 στόματος
822 4703 870 4778 γὰρ
886 4701 970 4763 denda
1075 4698 1143 4753 alter
1154 4697 1188 4753 de
1202 4699 1246 4752 ari
1265 4700 1378 4754 materni
1392 4700 1500 4754 uonrine
1514 4696 1632 4771 Carpilio
1647 4699 1797 4767 appellatus
1811 4707 1862 4755 cst.

321 4762 414 4837 ’Ἧῑξαο
427 4775 519 4828 needed
535 4773 606 4845 peuda
619 4773 709 4849 inspic
725 4773 843 4849 βρέφους.
1072 4768 1143 4824 Actii
1158 4783 1274 4837 namque
1289 4783 1355 4824 trror
1370 4770 1464 4826 mcerti
1479 4771 1612 4840 nominis,
1632 4769 1685 4824 lilia
1707 4769 1756 4823 luit
1769 4769 1862 4839 Carpi·

281 4842 444 4915 Παυσάμοοος
459 4841 486 4898 δὲ
497 4844 581 4916 picem
597 4847 669 4920 παρὰ
683 4843 741 4919 δρυῒ
752 4842 811 4902 <aar
825 4845 952 4919 φαρέτραν
1071 4839 1141 4894 Ιοιιίε
1163 4853 1195 4893 er
1211 4841 1308 4894 comita
1327 4840 1553 4907 domesticorum,
1575 4850 1605 4895 ut
1617 4850 1711 4896 auctor
1730 4848 1772 4894 est
1794 4839 1863 4908 apud

335 4924 405 4986 Σῆμα
418 4917 460 4970 saul
472 4915 594 4986 εὐτυχίης
606 4916 662 4974 θῆκε
675 4919 717 4969 ναὶ
732 4905 883 4987 cecropiae.
1072 4908 1227 4980 Gregorilllll
1252 4910 1351 4965 Turum.
1377 4910 1541 4980 Frigeridus.
1572 4911 1697 4969 Sidonius
1720 4909 1861 4966 Gothicam

1072 4980 1110 5036 illi
1127 4982 1246 5050 regiique
1264 4983 1400 5051 sanguinis
1412 4983 1523 5051 stirpem
1536 4981 1619 5037 luisse
1631 4981 1780 5051 signidem:
1794 4980 1862 5035 alio·

267 5058 279 5088 ⁰
292 5047 433 5103 Contraria
445 5062 525 5105 sensu
539 5046 648 5117 vulgati,
664 5053 774 5105 stratam
787 5047 921 5117 Amycum.
934 5050 1018 5117 Amyn
1072 5051 1117 5119 qni
1130 5054 1266 5107 exclusam
1288 5067 1317 5107 se
1331 5066 1347 5105 a
1360 5052 1473 5120 sceptris
1494 5051 1594 5108 Geticis
1618 5066 1673 5106 non
1692 5059 1862 5121 quereretur.

231 5132 280 5173 cus
293 5119 365 5173 euim
380 5119 403 5173 is
417 5128 458 5174 est
475 5119 519 5188 qui
534 5118 630 5187 pugilis
645 5117 819 5186 Therapnaei,
834 5132 882 5173 seu
895 5118 1018 5173 laceda-
1068 5120 1144 5177 Altcr
1158 5122 1340 5186 Gaudentius,
1355 5121 1389 5178 de
1402 5139 1455 5192 qno
1474 5122 1518 5178 hic
1531 5137 1636 5188 sermo,
1656 5137 1707 5176 aro
1728 5121 1792 5176 item
1816 5120 1862 5178 sed

230 5189 315 5243 monii
331 5188 445 5245 Pollucis
457 5192 526 5246 rlres
539 5188 675 5258 suspexit,
691 5202 753 5244 crum
774 5187 807 5243 alr
821 5203 853 5245 eo
870 5197 1016 5259 prostratus
1069 5202 1181 5261 paterno
1195 5192 1371 5262 cognominis.
1387 5195 1465 5249 Aetio
1484 5192 1556 5248 entim
1575 5201 1652 5264 pater
1672 5192 1722 5247 tuit
1735 5189 1861 5247 Gauden-

229 5268 312 5322 osset,
325 5262 368 5326 qui
386 5269 498 5315 saturos
512 5261 618 5315 uincere
630 5255 744 5314 solchal.
1070 5267 1138 5324 tlus,
1160 5279 1250 5319 comes
1266 5272 1294 5319 et
1311 5264 1437 5333 magister
1455 5264 1592 5333 equitum,
1607 5278 1686 5333 quem
1703 5263 1818 5332 Prosper
1833 5264 1861 5318 in

264 5326 498 5398 dParthenopaeus
508 5330 651 5392 Atalanta,
663 5329 697 5384 de
708 5343 838 5398 quamox.
848 5329 1015 5386 hliuscxlli·
1069 5332 1163 5388 Galliis
1176 5349 1191 5388 a
1205 5335 1333 5389 militibus
1345 5334 1462 5389 ocrisiam
1476 5341 1562 5389 rromt.
1584 5332 1713 5390 Huuuicce
1724 5333 1862 5401 legationis

229 5398 346 5456 lenione.
363 5400 464 5454 Arcada
486 5399 700 5472 Parthenopaeum
715 5409 790 5455 uocat
809 5401 888 5456 ctiam
902 5399 1016 5468 Statius,
1074 5419 1124 5473 qua
1142 5404 1248 5460 iunctus
1262 5415 1304 5460 est
1321 5404 1437 5473 carpilio
1457 5402 1546 5472 lilius,
1563 5405 1639 5462 testis
1652 5414 1694 5461 est
1708 5402 1817 5459 Priscus
1835 5404 1862 5459 in

229 5484 363 5540 cursuque
372 5470 403 5526 iu
415 5471 516 5526 Nemea
530 5473 595 5526 silva
607 5472 734 5526 rictorem
747 5470 892 5527 iacitliltro
906 5486 931 5526 vr
944 5472 1016 5528 lhe-
1070 5477 1203 5543 otccrplis
1229 5474 1404 5545 legationum,
1420 5483 1448 5529 et
1468 5473 1581 5532 Senator
1595 5491 1605 5531 r
1617 5475 1738 5541 Patiar..
1751 5475 1778 5529 i.
1794 5473 1864 5529 Gau«

229 5540 338 5604 baidus:
357 5542 479 5614 et119
497 5536 675 5612 Apollodorus
697 5541 744 5596 lib.
763 5556 792 5597 ιιι
813 5541 876 5598 belli
898 5541 1018 5599 Thebani
1069 5544 1187 5600 dentium
1206 5560 1271 5600 sero
1290 5546 1360 5599 hunc
1376 5543 1449 5601 llrbe
1463 5555 1540 5617 capta
1560 5547 1587 5602 iu
1602 5544 1720 5602 Airicam
1735 5558 1795 5601 cum
1811 5544 1863 5598 lla·

229 5611 310 5668 duces
329 5627 506 5678 enumerans,
525 5615 705 5690 Παρθενοπαῖος
721 5613 885 5674 metiendam
905 5614 1015 5687 ἰρκὰςε
1069 5615 1210 5672 lentiniani
1239 5615 1344 5672 hiiahus
1374 5616 1517 5674 abductum
1547 5633 1563 5674 a
1592 5615 1739 5675 Genserico
1770 5624 1863 5672 narrat

230 5679 431 5755 Parthenopaeus
443 5683 593 5739 llilauienlr
606 5684 687 5754 fitius,
702 5682 791 5738 Areas.
805 5685 841 5739 lle
853 5698 906 5753 quo
919 5683 1016 5741 iterum
1068 5685 1176 5742 idatius.

229 5754 369 5825 postella,
386 5757 498 5829 ἐγέννησε
511 5754 538 5814 di
553 5758 580 5813 ἐκ
593 5755 759 5816 ΜιιἊοονὶωνος
773 5753 907 5814 ’Δταλάντιο
922 5758 1015 5827 lietpha-
1040 5763 1047 5772 '
1102 5757 1222 5820 tltthtlc
1236 5758 1504 5821 elehdlthssllviotllm
1518 5759 1709 5835 Galliae,quos
1724 5755 1862 5831 Majoliupl
