4082 6348
19 5872 21 5911 i

19 5932 21 5969 Ι

19 6004 21 6113 i

87 616 91 627 ,
145 565 269 622 seriora.
285 566 385 625 Nititur
398 569 457 630 haec
470 575 603 632 sententia
617 577 723 637 duobus
735 579 940 655 iiartproiogio·
992 585 1049 658 Epo

147 350 199 408 aar
415 388 421 397 ·
759 367 763 373 ’
831 366 1095 441 nnuunuotmus.
1736 414 1785 475 g,

147 470 257 529 praeuia
276 475 402 545 appensis
420 480 524 552 pueris,
549 482 577 539 in
599 498 692 543 eurum
714 493 790 547 nates
815 488 938 563 indigere
950 494 979 556 Δ
991 494 1045 553 tius
1057 511 1138 568 quam
1153 513 1269 573 unquam
1285 517 1363 567 antea
1377 513 1449 585 quod
1466 518 1566 579 veilent
1579 523 1779 600 eloquerentur.

1063 603 1135 657 uera,
1151 590 1252 665 iuquit,
1281 602 1403 670 putatam
1413 606 1472 676 pieri
1488 627 1540 667 nan
1553 631 1627 686 passe
1645 630 1674 676 at
1688 625 1781 686 tilricen

145 669 207 712 rum
220 657 303 727 locis,
316 674 413 733 nempe
427 664 460 719 ιι
472 662 541 734 junii
553 675 581 722 et
598 668 632 725 ta
650 662 824 739 Nouembris,
835 675 881 731 ubi
893 675 940 746 gui
991 695 1080 738 cerens
1092 684 1159 741 tiliis
1179 691 1243 745 artis
1263 707 1317 749 sua
1331 699 1457 767 specimen
1471 704 1556 763 ulium
1569 712 1658 782 daret;
1672 715 1782 793 itemque

145 753 305 809 catomorel
320 756 433 813 catomis
454 760 517 815 cesi
536 774 584 817 seu
598 766 721 835 suspensi
742 777 939 843 memoramur,
990 768 1145 832 dilaudat
1174 780 1309 838 destitutus
1341 788 1441 846 elilim
1471 798 1594 856 ”1¹⁴⁸le
1619 814 1701 863 artem
1724 826 1781 867 tum

145 839 224 897 Vltus
244 851 272 899 et
285 843 397 916 Baruia,
411 848 487 918 pueri
506 860 580 907 surrt.
601 853 734 928 Numquid
756 869 784 916 er
807 859 833 931 iu
848 862 939 931 prieris
989 877 1124 925 aresceret.
1141 872 1174 927 sit
1188 876 1339 933 somnias
1350 887 1523 950 spectaculum
1537 895 1605 966 capit
1626 913 1666 954 mc
1681 914 1782 960 senten·

144 930 301 989 censebitur
313 935 431 992 Tisonras
445 938 491 995 ille
505 941 647 1016 episeopus
664 945 720 1017 jam
742 949 820 1005 senio
838 952 938 1033 gravis,
990 960 1051 1014 tiarn
1066 962 1138 1019 illuns
1152 976 1268 1034 matare,
1282 981 1337 1029 eta.
1352 972 1413 1048 lpse
1427 994 1474 1050 epo
1489 997 1533 1038 nas
1542 987 1610 1044 uiros
1623 992 1691 1060 uidi,
1705 1007 1729 1051 et
1742 999 1781 1054 io-

143 1030 172 1078 et
193 1023 295 1080 Eulalia
315 1024 492 1085 Emeritensis
505 1042 621 1106 martyr,
645 1037 707 1107 qnia
726 1040 871 1109 eatomati,
891 1056 939 1099 eeu
988 1056 1719 1155 grenteseudisi,·etnacemadeoarticulatamesseposse
1730 1092 1781 1146 mi-

144 1123 252 1170 ratomo
266 1116 329 1173 causi
352 1118 493 1190 leguntur?
507 1123 660 1195 Grauioris,
680 1130 801 1205 inquies,
823 1133 938 1204 ignomi-
988 1151 1060 1199 ratus
1072 1161 1139 1201 suns.
1155 1146 1359 1214 instrumentum
1378 1163 1446 1217 noeis
1458 1163 1626 1242 inquirebam,
1640 1184 1664 1230 et
1675 1181 1782 1239 auribus

143 1205 197 1262 nim
212 1206 264 1262 ison
277 1207 341 1275 luis,
359 1224 438 1268 senes
456 1212 589 1275 interdum
599 1258 608 1284 ,
619 1229 668 1274 sut
682 1221 709 1277 iu
723 1221 854 1303 dignitate
870 1239 938 1284 eon·
989 1247 1040 1288 non
1051 1238 1165 1308 eredens,
1180 1242 1261 1299 oculis
1276 1246 1413 1317 iudicandi
1425 1271 1519 1325 murras
1531 1264 1633 1333 remisi:
1646 1280 1723 1342 atpue
1737 1292 1782 1331 ere

141 1298 254 1354 stitutus
276 1299 365 1369 uirus,
387 1313 433 1358 aur
458 1306 539 1366 etium
561 1308 674 1368 iemiuas
694 1328 839 1384 puerorum
862 1332 938 1376 more
988 1339 1094 1396 aperta,
1110 1330 1225 1404 linpssam
1243 1349 1323 1396 tetam
1336 1345 1462 1415 redicitps
1476 1352 1576 1410 assisam
1589 1360 1651 1417 nidi.
1664 1364 1781 1428 Eosdem
1872 1339 1874 1342 Α

141 1388 290 1446 verberari.
305 1391 374 1460 Quid
388 1409 469 1460 porro
483 1396 618 1463 Adrianus
637 1404 804 1476 imperatori
823 1417 886 1467 tune
906 1410 939 1468 ii·
989 1430 1044 1474 ase
1057 1421 1130 1480 risus
1140 1424 1281 1498 Byzantii,
1297 1442 1377 1506 atque
1387 1439 1494 1501 auditos
1507 1452 1622 1508 testatur
1634 1452 1782 1531 Prooopius

142 1478 198 1534 iurn
223 1481 489 1565 sanxissedireris,
512 1500 541 1548 ιιι
559 1492 745 1556 demeremus
765 1500 799 1558 de
823 1500 937 1562 aliorum
989 1498 1627 1615 liinrdeiieilnilsndaiioo.Marcellinusquoqu

142 1571 263 1630 numeris
278 1589 328 1645 per
347 1591 446 1637 manus
467 1580 581 1652 pedesve
601 1589 750 1660 suspensis,
770 1592 799 1648 in
821 1594 936 1664 inostro,

141 1662 169 1719 in
192 1664 313 1721 omnium
339 1669 425 1726 oculis
446 1672 558 1731 verbera
577 1676 613 1733 ad
636 1690 713 1738 natea
735 1681 937 1756 intingerentur?

141 1752 205 1810 tius
219 1769 271 1829 ego
284 1755 380 1815 adduci
394 1775 448 1817 uon
462 1777 571 1834 possum
587 1776 617 1824 ut
636 1771 761 1841 credam,
776 1775 878 1848 aisque
892 1791 938 1834 so·
987 1790 1151 1850 contubernia
1164 1797 1311 1870 siguentes
1332 1822 1379 1876 epo
1398 1811 1603 1885 religiosissimas
1614 1823 1700 1901 siros,
1714 1845 1781 1899 prrs-

140 1843 195 1901 lisia
217 1855 247 1902 et
268 1848 412 1908 manifesto
432 1853 598 1927 antiquitatis
625 1863 794 1937 testimonio,
820 1885 882 1929 euru
901 1873 935 1935 ud
949 1873 976 1936 lt
989 1879 1168 1955 cisislinpuis,
1188 1890 1458 1970 nraniiesrransasis,
1474 1907 1708 1981 npsdiipsnerinns
1720 1920 1782 1978 ipss.

139 1952 250 1996 manum
264 1940 300 1998 sit
317 1942 414 2003 harum
425 1961 522 2006 uocum
535 1966 615 2022 quatu
634 1968 715 2028 supra
736 1961 814 2031 posui
833 1964 930 2034 planis
986 1990 1104 2045 prsaocs
1115 1983 1555 2069 conspecilapasntes.lustinianus
1566 2002 1781 2083 ipseimperator

139 2032 225 2090 ΜΒ
238 2049 345 2105 ⁸0n⁵i¹⁵s
359 2047 415 2095 tum
430 2054 464 2097 0¹
481 2051 581 2116 elima
601 2056 657 2106 lum
675 2066 708 2107 0¹
731 2055 848 2112 munium
868 2073 936 2139 εθι-
987 2069 1015 2127 iu
1034 2074 1227 2136 constitutione
1248 2081 1282 2137 de
1296 2085 1384 2144 allicio
1400 2091 1519 2159 pretecd
1538 2103 1664 2167 pretorio
1683 2107 1781 2167 ilricae

139 2127 205 2184 tium
220 2143 288 2198 usu3
310 2139 340 2186 ut
361 2132 487 2191 nisuimm
511 2137 563 2196 hoe
584 2140 621 2198 sit
644 2146 757 2202 catomis
780 2149 861 2219 cudi,
885 2167 933 2210 seu
985 2161 1422 2248 (lilr.rCod.,tit.2i):Vidimus,
1436 2180 1778 2269 inquiunensraiitessiros,

139 2221 286 2287 mtomari,
300 2230 347 2279 aut
363 2227 548 2298 catomidiari,
568 2233 639 2304 quod
661 2234 783 2297 humeris
803 2252 851 2298 seu
873 2258 933 2303 soa·
984 2254 1031 2325 pai
1043 2254 1161 2313 ntsdmis
1177 2261 1303 2319 radicitus
1313 2265 1409 2340 linpuis
1423 2288 1512 2341 panas
1529 2294 1590 2336 suas
1602 2284 1780 2346 miserabiliter

136 2311 207 2381 pulis
219 2312 333 2375 uerbera
345 2318 482 2389 excipere.
497 2320 548 2391 Qui
563 2337 645 2394 porro
657 2327 697 2384 sie
708 2326 829 2389 cudendi
844 2347 930 2404 erant,
984 2342 1165 2416 nesciantur.

138 2416 198 2458 suas
219 2404 341 2476 alligati,
364 2408 447 2467 levati
471 2422 517 2470 aur
539 2419 664 2489 suspensi
689 2422 771 2481 luisse
795 2426 931 2500 leguntur,
983 2449 1045 2509 nap.
1060 2438 1105 2507 ιι,

987 1604 1049 1661 uiuo
1064 1649 1072 1677 ‚
1088 1588 1256 1674 'ilroodorico
1279 1626 1309 1676 et
1323 1620 1456 1685 Venantio
1477 1644 1549 1690 coss.
1568 1560 1644 1711 (lroe⁰
1655 1548 1782 1704 ¹eritcshurriln

987 1710 1050 1753 ere
1063 1678 1222 1762 clintune
1236 1706 1300 1783 tes)
1315 1729 1323 1767 ι
1338 1712 1465 1789 uenas,
1480 1722 1534 1793 sn,
1547 1742 1580 1781 ce
1592 1728 1642 1785 an
1662 1732 1778 1805 punem

1176 2350 1206 2409 S.
1218 2352 1366 2426 Gregorius
1376 2359 1489 2434 ilsgnus
1498 2367 1546 2425 ιιι).
1556 2386 1585 2428 m
1595 2373 1777 2454 iiialogornm,

1122 2440 1184 2499 ilios
1198 2445 1331 2549 exdlrioa
1345 2452 1483 2555 profugos,
1495 2459 1530 2515 ad
1544 2454 1779 2541 Constantinopoli-

138 2673 202 2733 laris
225 2678 259 2735 ad
283 2694 429 2752 puerorum
452 2690 655 2763 castigationem
681 2696 740 2754 lieri
762 2700 859 2774 solet);
882 2705 931 2763 sed
983 2728 1019 2786 pe

137 2767 290 2827 mirram
303 2774 402 2846 cogita,
416 2786 444 2834 ut
458 2778 484 2835 in
499 2779 601 2840 Cirrisri
615 2785 814 2859 flagellatione:
828 2803 875 2851 aut
888 2811 932 2868 pu·
983 2806 1018 2863 ad
1031 2823 1130 2869 anuum
1143 2811 1197 2868 583
1210 2814 1294 2871 reiert
1306 2815 1438 2876 Batonius
1448 2835 1562 2881 numero
1572 2824 1616 2883 la.
1625 2828 1716 2889 Victor
1726 2833 1779 2891 Tu·

137 2859 249 2918 ennium
265 2878 313 2920 ⁸⁶¹¹
335 2867 438 2926 ¹1³me
460 2869 590 2946 fiisseims
612 2885 643 2933 ut
665 2879 694 2935 1¹¹
713 2882 859 2944 Ani⁰ui¹¹ae
873 2888 931 2945 vir·
983 2907 1115 2967 nuuensis
1132 2905 1161 2963 in
1180 2906 1331 2979 coronica,
1347 2912 1538 2990 Zenoneiiug.
1553 2923 1665 2980 consule
1678 2924 1779 2995 (alieno

138 2951 209 3021 sinis
229 2957 368 3028 martyrio,
394 2974 473 3030 quarn
492 2962 578 3035 (apud
607 2966 836 3050 lletaplrrastem)
851 2980 933 3050 jussis
983 2994 1127 3069 pregium)

137 3040 231 3103 Festus
241 3050 401 3120 suspendia
415 3055 552 3113 ominari.
568 3057 682 3133 Campus
694 3081 708 3121 e
722 3066 793 3140 ligno
808 3080 872 3127 esset
886 3073 933 3131 de·
983 3086 1069 3142 sessis
1082 3105 1127 3160 per

1020 2715 1053 2773 rii
1072 2720 1243 2791 metropolim
1263 2724 1363 2781 missus
1386 2737 1460 2787 esset
1475 2735 1686 2806 apocrisiarius,
1708 2745 1779 2814 quod

1142 3015 1149 3053 :
1168 2998 1416 3074 Quassanp'essares,
1435 3010 1533 3079 iuquit,
1547 3015 1618 3083 psod
1630 3015 1724 3089 linguis
1734 3020 1779 3074 ai·

1128 3093 1193 3162 [ecte
1213 3091 1248 3147 ed
1262 3093 1339 3164 msera
1353 3098 1521 3167 usquclecnts‘
1541 3112 1615 3172 sant,
1631 3107 1690 3163 aris
1707 3112 1779 3180 regia

1129 3182 1197 3250 ,uli
1213 3199 1302 3240 eorum
1323 3203 1432 3260 corpora
1440 3191 1539 3261 jacent.
1556 3194 1623 3251 Tum
1640 3198 1675 3254 ad
1696 3197 1778 3257 linem

1137 3288 1209 3331 anuo
1222 3275 1258 3332 to
1271 3278 1376 3349 imperii
1387 3279 1550 3341 iustiniani:
1566 3283 1717 3346 i'iscodorss
1731 3290 1779 3349 Ce-

745 3346 869 3413 praetoria
888 3349 929 3407 i¹¹·
982 3364 1159 3423 iarsusitansts
1181 3369 1335 3441 spiscopus,
1354 3374 1475 3446 defensor
1491 3379 1569 3433 trians
1587 3381 1776 3456 capitularum,

742 3433 824 3495 ficum
837 3439 929 3500 lurore
981 3455 1596 3541 essiliaaduriemrspians,eomessssetdiepuo
1610 3470 1776 3534 lastinianus
1808 3546 1813 3553 ⁴

136 3506 225 3564 Μὴ
244 3518 360 3582 iam(1¹¹⁰
379 3516 506 3574 &Willis
527 3519 611 3593 iiiiii
632 3538 665 3583 ιθ
690 3525 781 3600 Πθιῑῑδ
801 3534 927 3593 wnilde·
980 3552 1109 3619 moritar,·
1123 3562 1147 3608 et
1154 3557 1234 3627 juata
1244 3557 1402 3629 consessores
1414 3560 1506 3621 nuilus
1518 3561 1659 3635 lignericus
1671 3567 1777 3625 Varade-

134 3599 246 3677 iantur,
271 3618 301 3664 ut
324 3622 515 3686 nonnunquam
536 3612 619 3688 (licet
638 3619 769 3683 adsumus
791 3624 927 3685 Romanas
981 3643 1066 3699 imm
1080 3659 1127 3701 m
1146 3646 1248 3720 trepens
1269 3649 1733 3734 mseidmns,sspsiirur.Quodergo
1746 3662 1777 3722 in

134 3693 215 3769 leui
227 3700 348 3758 sormam
362 3716 423 3762 eun
438 3708 570 3783 ungarus
585 3704 657 3771 ineo
668 3719 801 3775 armento
815 3719 927 3791 protun-
979 3733 1090 3794 ucuaers
1107 3746 1133 3794 es
1147 3738 1174 3795 ru
1194 3738 1388 3813 nerisiensem
1403 3744 1718 3821 runusumcronnu
1735 3755 1795 3813 m·

134 3786 234 3849 datii·
979 3827 1064 3888 donis
1085 3830 1295 3890 noemenias
1318 3834 1402 3894 inisse
1422 3837 1555 3909 dispersi,
1571 3840 1614 3897 rei
1630 3844 1722 3916 accipe
1741 3846 1777 3904 de

134 3240 204 3297 pene
224 3241 458 3305 mensunusum,
476 3242 622 3314 paucisque
644 3246 673 3302 in
692 3248 758 3306 loris
782 3268 832 3310 usu
851 3270 929 3314 rece·
944 3228 969 3294 c
983 3266 1123 3341 cerenici,

134 3326 226 3390 pturn,
240 3335 256 3377 a
270 3323 336 3382 siris
348 3327 462 3385 eruditis
476 3330 504 3387 iu
517 3333 591 3392 urbis
611 3335 726 3396 Romani

134 3410 210 3481 inei,
223 3416 266 3472 uiri
278 3430 421 3492 martyres,
436 3431 612 3495 tyrannorum
626 3439 654 3487 et
666 3433 741 3490 carni

433 3892 547 3955 catur
564 3897 622 3958 XV.

134 3998 173 4057 ιιι
184 4008 371 4079 ,oppmrrppg
389 4012 480 4084 ,prum
503 4014 632 4073 [remp
652 4023 728 4089 pm„
749 4034 815 4079 ,pff
830 4026 926 4098 iinpuae
978 4013 1072 4073 ritimo
1086 4015 1240 4088 priusquam
1257 4016 1517 4093 Constantinopolim
1531 4028 1715 4097 pervenirenu
1731 4032 1775 4089 uel

166 4075 290 4141 radicitus
302 4083 393 4139 excisa
403 4085 521 4157 sniuent,
532 4088 648 4163 cupedia
658 4091 825 4153 niisiiesninus
839 4097 926 4167 lopus·
978 4104 1097 4179 tortasse
1108 4106 1142 4164 de
1150 4122 1244 4164 eorum
1254 4110 1391 4169 nonnuliis
1403 4115 1449 4183 qui
1463 4113 1623 4173 miraculum
1632 4132 1712 4176 suum
1721 4121 1774 4178 eir·

167 4146 271 4205 mm·
979 4198 1163 4263 eumtuieriut.
1183 4198 1250 4257 Nam
1272 4215 1307 4259 ex
1324 4202 1357 4261 iis
1379 4202 1523 4276 plerosque
1542 4207 1775 4285 consuntiuoport

167 4259 259 4320 lictor
273 4263 343 4322 libro
364 4282 390 4325 rr
403 4286 411 4326 ε
426 4269 486 4329 ilex
503 4272 664 4347 liuuerieus,
682 4279 786 4353 inquit,
799 4281 924 4339 Comitem
979 4290 1086 4369 degisse
1098 4332 1107 4361 ,
1121 4293 1264 4366 damone
1276 4294 1376 4355 ibidem
1401 4298 1540 4372 exegisse,
1554 4316 1610 4361 non
1620 4303 1774 4365 sinuutdu·
1869 4332 1876 4343 =

133 4354 265 4421 mandares
277 4371 337 4411 cum
348 4358 484 4419 iracundia
497 4364 627 4439 dirigens,
642 4374 762 4444 precepit
782 4382 811 4429 ut
830 4375 858 4429 in
873 4390 926 4430 ma·
978 4382 1066 4445 bitere
1079 4392 1204 4444 auctores
1217 4385 1302 4444 citati.
1762 4416 1768 4442 t

132 4441 174 4499 die
192 4447 259 4516 pore,
275 4460 430 4524 casprepara
448 4454 512 4511 illac
526 4459 596 4515 anmi
616 4464 758 4531 prouincia,
774 4463 875 4537 linguas
889 4467 925 4522 eis
1015 4474 1061 4531 lix
1086 4475 1128 4533 iris
1150 4479 1291 4551 sessgima
1316 4480 1517 4544 contessorilrm
1538 4483 1624 4544 luisse
1648 4487 1775 4562 vigilium

130 4541 269 4615 tresanus
295 4542 400 4600 dextras
422 4548 547 4607 radicitus
572 4550 732 4612 abscidisset.
764 4558 841 4626 Quod
865 4575 924 4615 cuns
979 4565 1147 4637 'inpransum
1169 4583 1222 4628 aas
1239 4569 1413 4642 'lapsiteuum
1438 4574 1593 4649 episcopum
1617 4579 1775 4652 coniectura

131 4623 228 4695 iurans
240 4630 340 4704 (suns,
352 4633 457 4707 Spiritu
468 4650 556 4698 sancta
567 4654 715 4719 prestante,
727 4650 765 4705 ite
774 4650 854 4708 locuti
865 4663 927 4709 sunt
980 4668 1038 4728 est,
1050 4660 1123 4733 quod
1137 4671 1165 4719 et
1188 4674 1353 4721 memoretur
1366 4666 1462 4723 uitium
1473 4668 1534 4726 loeo
1548 4668 1621 4728 inter
1631 4672 1774 4746 episcopos

131 4727 157 4773 et
171 4717 317 4797 lapsantes,
331 4731 458 4796 mensas
472 4741 548 4791 dnteu
562 4736 741 4811 loquebantur.
757 4743 813 4801 snt
825 4746 849 4801 si
868 4748 926 4818 puis
979 4754 1128 4831 provinciae
1145 4756 1308 4830 Byzacena,
1320 4759 1365 4830 qui
1379 4757 1569 4832 Carthaginem
1585 4763 1620 4820 ab
1639 4763 1774 4825 liunerio'u

129 4811 274 4872 increduius
292 4832 347 4877 esse
363 4824 487 4894 uetuerit,
511 4845 602 4902 perpes
623 4850 691 4890 nunc
706 4832 925 4913 Constantinam·
980 4848 1085 4907 euocati
1095 4858 1296 4918 convenerunt3
1308 4861 1336 4908 et
1345 4851 1733 4929 scripseritCunstantinapuii,
1743 4869 1775 4917 ut

129 4902 185 4974 tiss,
198 4916 223 4963 es
241 4909 276 4964 tar
289 4911 397 4984 rmeiiet
416 4920 542 4977 anunm
560 4922 624 4992 rttts,
638 4926 823 4991 subdiaconem
838 4931 926 5004 neps-
981 4942 1086 5000 nnonrs
1105 4943 1247 5015 pronatum
1261 4954 1319 5012 ssu
1336 4953 1465 5016 tomueet
1478 4948 1547 5005 ntes
1561 4948 1644 5007 lineos
1654 4952 1773 5024 seripse-

128 5006 224 5067 rstsns‚
237 5017 366 5061 sermones
377 5009 472 5080 politas
480 5013 536 5070 sine
548 5015 603 5071 ulta
612 5017 753 5086 offendens
764 5024 925 5097 ispumtsmr
979 5036 1028 5108 rit,
1039 5050 1088 5095 seu
1097 5035 1247 5106 dictererit,
1258 5038 1456 5110 quotetuuates
1466 5040 1771 5117 nemoiquodscianrus)

129 5089 159 5145 ai
172 5109 251 5162 guars
265 5112 369 5155 cassam
380 5103 533 5162 renereiitis
546 5109 656 5167 ninnium
667 5113 695 5169 in
703 5114 803 5187 paiatie
813 5116 926 5176 Zenonis
980 5128 1103 5185 exomni
1117 5128 1175 5201 ejus
1188 5128 1354 5200 rodegaruru
1369 5145 1493 5188 numero.
1517 5131 1596 5191 Unde
1614 5137 1713 5208 oppido
1725 5154 1774 5198 re·

127 5183 288 5257 mperataris
302 5192 422 5264 labetur,
433 5204 457 5253 st
468 5202 598 5275 pracipes
611 5207 702 5281 sepina
710 5209 779 5264 mire
792 5226 850 5268 essm
860 5229 927 5270 renc-
980 5219 1094 5277 risimile
1105 5228 1147 5277 esi
1160 5219 1244 5278 luisse
1257 5220 1332 5278 illum
1344 5225 1372 5280 in
1380 5230 1431 5280 τῶν
1443 5226 1605 5299 λογιωτάτων
1618 5227 1661 5299 (ut
1674 5228 1774 5288 habeut

127 5280 211 5336 sentia
222 5297 366 5343 senectus.
379 5289 436 5347 iios
446 5293 617 5361 confessores
628 5299 711 5358 luisse
723 5318 839 5365 numero
850 5321 926 5365 sexa·
979 5308 1094 5384 Henna)
1108 5312 1155 5383 qui
1167 5311 1201 5368 ad
1213 5311 1241 5369 id
1252 5313 1379 5389 supplicii
1389 5322 1454 5372 eunt
1464 5315 1578 5390 deiecti,
1590 5329 1620 5376 ur
1630 5319 1730 5393 linguis
1742 5336 1775 5378 ue

125 5366 198 5438 ginta
215 5370 305 5452 Cruci
321 5375 444 5438 relerunt
454 5383 481 5440 iu
496 5400 546 5444 suu
559 5387 712 5463 iteuoiogio
721 5403 751 5450 et
764 5394 792 5452 in
805 5397 925 5456 lienaeis.
979 5402 1085 5460 dextris
1095 5403 1284 5472 multarentur,
1299 5406 1431 5464 nererbo
1440 5407 1576 5479 scriptore
1588 5410 1715 5471 haeresim
1726 5428 1775 5483 op·

124 5466 183 5526 lion
195 5471 279 5533 irrisae
297 5485 389 5537 sutem
403 5496 499 5543 omues
516 5487 658 5560 episcopus
673 5478 793 5552 ostendit
806 5494 924 5566 Victor,
979 5505 1141 5571 pugnarent.
1158 5496 1257 5555 ilerum
1270 5498 1338 5569 hee,
1354 5509 1383 5556 ut
1394 5501 1460 5570 diri,
1474 5502 1628 5575 coniectura
1643 5514 1696 5573 est,
1711 5520 1773 5562 cum

123 5556 289 5634 Reparatum
310 5571 506 5632 subdiaconum
528 5578 555 5633 in
570 5594 665 5637 eorum
684 5583 755 5641 serie
776 5598 924 5658 reponens.
981 5591 1011 5647 in
1024 5599 1099 5648 taum
1115 5593 1276 5664 scriptorum
1288 5593 1395 5651 silentio
1414 5596 1459 5666 qui
1483 5599 1591 5656 nomina
1606 5598 1773 5669 singulorum

123 5649 227 5739 AEaeas
247 5658 360 5717 cemus
374 5662 403 5720 in
419 5666 629 5740 Tireoplrrasto,
645 5675 725 5735 tertia
741 5687 806 5747 poss
818 5680 925 5751 suppli·
981 5697 1035 5739 uun
1058 5692 1270 5756 expresserunt,
1297 5699 1377 5755 supra
1405 5688 1587 5759 coniecturam
1610 5688 1677 5745 nilsil
1705 5690 1773 5749 ιιιιιιι

122 5743 195 5800 sium
206 5746 251 5803 dia
266 5750 292 5806 isi
306 5751 360 5809 iliis
372 5754 497 5815 beneficii
511 5759 639 5820 diuinitus
651 5765 785 5829 sumtum
798 5768 855 5838 nil,
870 5784 925 5826 uon
981 5773 1118 5847 aliulgert.

123 5848 150 5893 ιι
166 5836 273 5911 linguas
286 5845 450 5919 reciperent,
462 5851 509 5906 sed
519 5860 549 5909 ut
561 5853 662 5929 nimae
673 5857 927 5953 linguisffrticuia·
952 5934 966 5948 ,Ι
982 5926 998 5949 ,ἢ
1017 5868 1058 5930 ιιι
1070 5870 1112 5931 luis
1126 5871 1264 5947 sexaginta
1275 5872 1474 5932 confessoribus
1485 5871 1609 6035 ιιηιιιὲιιιι
1621 5873 1663 5949 (ιιι
1673 5877 1776 5945 inient

305 5941 442 6025 Parnon.
465 5948 577 6017 Li'ill.

979 3924 1179 3992 transiturum
1193 3939 1285 3984 essens
1300 3929 1326 3985 in
1341 3929 1439 3988 itinere
1452 3946 1500 3989 seu
1509 3936 1643 4002 terrestri,
1652 3951 1701 3994 seu
1714 3954 1775 3996 ma·
1867 3940 1876 3952 ⁴
