4082 6348
743 318 980 413 setsvocnumt
998 354 1063 412 uva.
1084 353 1114 409 u.
1710 342 1745 407 ss

933 467 1742 493 wath-me*

590 603 826 715 trouu
838 615 846 747 3
869 600 1287 713 sueonum.

859 811 1003 827 *-

354 949 521 1010 uvlsvota
539 947 655 1004 valan.
913 947 1028 1012 Adice.
1053 946 1109 1003 lter
1131 960 1239 1009 meum.
1262 952 1438 1016 vestrumque
1460 953 1632 1017 corispectum
1657 954 1749 1003 mento

109 1042 421 1114 Doumirlssblimissimis
432 1053 457 1099 et
472 1045 499 1098 iu
510 1041 611 1097 Christo
621 1041 734 1097 Domino
744 1040 906 1096 dmincticsi·
956 1039 1104 1114 praevenio,
1120 1047 1201 1110 atque
1215 1037 1317 1107 omuis,
1331 1039 1402 1094 sicut
1411 1038 1539 1107 jussistis,
1554 1046 1582 1094 et
1593 1038 1703 1109 dignum
1717 1052 1749 1095 ac

167 1112 514 1184 suuprotmlss·llamscio
531 1110 701 1168 etCevtvlt'oe
714 1111 845 1167 flvfl'ffl‘i·
957 1132 1078 1189 debitum
1101 1131 1168 1198 luit,
1194 1131 1330 1202 inspecta,
1354 1128 1465 1197 tradita,
1491 1130 1596 1185 lirmata
1613 1130 1750 1201 signillco.

147 1219 258 1289 antiqui
272 1223 410 1290 upicutes
422 1221 524 1276 auuoos
541 1219 610 1274 duos
629 1234 709 1273 uuam
723 1218 839 1274 animam
855 1217 906 1273 ha·
957 1224 1012 1281 Nec
1026 1239 1122 1281 vereor
1135 1223 1206 1294 quod
1221 1222 1318 1280 debeat
1333 1224 1437 1279 animos
1448 1232 1553 1279 vestros
1568 1224 1609 1278 vet
1629 1223 1751 1294 aliquau-

113 1309 176 1364 bure
198 1309 348 1368 dixerunt:
375 1310 446 1381 guod
469 1308 662 1366 veldstettim
686 1323 748 1364 ⁸⁸⁸⁰
770 1308 905 1378 limitet),
957 1316 1042 1385 tisper
1055 1314 1207 1382 offendere,
1232 1314 1303 1386 guod
1327 1329 1410 1370 urium
1432 1314 1594 1371 vocobulum
1609 1315 1643 1373 de
1657 1315 1751 1372 libello

113 1402 260 1473 proboque.
287 1401 353 1457 Nam
369 1412 510 1474 postquam
525 1412 643 1459 svestra
659 1403 835 1473 germanitate
848 1401 907 1456 dis·
957 1406 1028 1464 dotis
1042 1408 1134 1464 vident
1147 1422 1207 1463 csso
1220 1407 1405 1475 subtractum
1431 1422 1491 1461 cum
1509 1406 1561 1462 boc
1581 1405 1652 1478 quod
1672 1405 1751 1464 deest

113 1493 198 1560 cessi,
223 1492 337 1548 divisum
361 1507 421 1549 esse
444 1509 487 1550 tue
509 1493 614 1559 sentio,
640 1502 796 1564 partctugue
819 1508 906 1549 ineam
958 1513 1082 1564 numero,
1097 1514 1148 1553 non
1161 1496 1248 1553 solum
1262 1508 1474 1568 compensatum,
1488 1496 1536 1553 scd
1550 1497 1631 1554 ctiam
1642 1504 1750 1554 auctum

113 1584 252 1640 uobiscum
273 1585 408 1643 resmisso
421 1599 565 1657 cognosco.
590 1585 645 1642 liec
662 1585 818 1642 absentibus
832 1584 907 1642 vobis
958 1590 1104 1663 agnoscitis
1117 1590 1145 1646 in
1159 1589 1267 1646 merito.

113 1678 217 1747 integer
230 1693 293 1735 esse
306 1678 372 1733 nili
386 1678 490 1734 uideor.
514 1678 623 1734 Etcum
639 1693 683 1734 mc
701 1679 729 1733 in
742 1692 786 1735 me
800 1691 853 1733 non
866 1679 909 1734 in·
1269 1701 1378 1760 gpgsg·
1398 1702 1443 1758 m,

114 1770 241 1837 'em'
265 1770 335 1839 ”⁹¹¹⁶
354 1785 403 1827 '⁰⁸
423 1786 482 1837 '¹¹⁶’
505 1770 539 1826 ²⁸¹
562 1785 611 1827 ¹¹⁰⁸
630 1785 765 1838 'mm’
788 1770 907 1840 inim
958 1796 1078 1854 Dominis
1089 1795 1240 1852 sublimibus
1251 1805 1275 1851 et
1285 1797 1312 1851 in
1322 1793 1423 1851 cbristo
1433 1792 1545 1849 Domino
1557 1794 1753 1851 detinclimimv'a

114 1874 200 1936 atque-
212 1864 324 1932 ibidem,
340 1873 467 1936 quatitans
483 1879 527 1921 mc
539 1865 618 1936 jubes
638 1863 788 1934 reliquisse,
804 1872 907 1920 mutum
1054 1868 1178 1937 protritos
1192 1867 1319 1923 Nomocio
1333 1877 1357 1923 et
1370 1865 1504 1922 dononio
1519 1865 1650 1921 Ruricius.

116 1956 196 2013 vostri
210 1970 317 2012 mecum
330 1956 472 2013 abstulisse
485 1956 632 2028 conspicio.
656 1958 688 2011 Et
703 1958 740 2011 ita
753 1959 908 2028 priusquam
995 1962 1080 2031 Quum
1092 1963 1212 2033 grauiter
1224 1962 1274 2016 sim
1285 1961 1320 2017 de
1332 1960 1404 2016 luctu
1414 1967 1505 2016 restro
1516 1960 1602 2016 nuntii
1613 1960 1753 2019 atrocitate

117 2051 177 2116 dat,
191 2060 329 2107 annuente
343 2051 472 2118 Domino,
493 2052 632 2123 pignorum
652 2060 806 2109 nostrorum
819 2053 908 2109 votiva
960 2056 1117 2128 perculsus,
1137 2055 1243 2111 iacilius
1263 2068 1312 2110 vos
1336 2070 1384 2123 pro
1408 2062 1501 2110 mutuo
1525 2053 1636 2124 potestis
1660 2069 1755 2111 amora

116 2145 271 2216 cortjuuctio
290 2145 442 2200 animorum
465 2146 535 2202 iuter
559 2160 609 2201 nos
632 2144 700 2202 iacta
724 2146 778 2216 iam
800 2146 907 2213 divisio,
960 2149 1111 2216 conjicere,
1132 2163 1212 2218 uuam
1233 2144 1399 2219 egopossim
1414 2147 1512 2204 litteris
1526 2148 1663 2203 intimare.
1686 2147 1756 2215 Quia

116 2254 175 2309 gua
191 2236 311 2294 bdivino
335 2238 520 2308 ampiectenda
543 2239 629 2310 magis
651 2248 694 2295 est
718 2239 907 2311 diligentibus,
959 2226 1067 2298 aniruus
1082 2240 1166 2296 nimio
1187 2255 1305 2297 moerore
1318 2238 1470 2307 conlectus,
1485 2239 1557 2309 quod
1572 2239 1665 2296 borrct
1677 2253 1754 2297 reco-

117 2346 195 2402 guam
209 2330 336 2398 vitanda;
353 2347 491 2401 perquam
507 2331 537 2386 tit
551 2332 577 2387 in
591 2331 718 2388 cordibus
730 2346 824 2388 eorum
840 2334 911 2389 cari·
924 2328 949 2388 B
963 2333 1028 2400 lere,
1044 2332 1134 2388 rennuit
1147 2331 1288 2402 expedire.
1314 2331 1407 2398 Doleo,
1428 2331 1523 2388 tratres
1542 2330 1735 2388 devinctissimi
1753 2371 1757 2379 .

118 2424 179 2481 tatis
198 2425 313 2495 integrae
330 2425 436 2481 sincera
454 2425 617 2491 translusi03
643 2426 720 2496 cujm
734 2441 785 2498 ego
797 2427 912 2483 vinculis
964 2437 1017 2482 tam
1039 2426 1138 2482 acerbo
1152 2425 1227 2482 casui
1240 2434 1342 2494 vestro,
1367 2435 1395 2481 et
1420 2435 1476 2482 toto
1498 2425 1582 2482 corde
1594 2426 1755 2497 compatior.
1798 2422 1801 2427 ’

117 2519 272 2589 colligatum
288 2519 391 2573 avobis
403 2533 464 2574 esse
477 2534 520 2574 me
531 2518 646 2589 gaudeo,
659 2526 687 2573 cr
701 2516 798 2573 tutibus
810 2519 912 2574 catenis
962 2518 1032 2576 itam
1046 2517 1097 2575 etsi
1111 2517 1145 2573 ad
1159 2531 1280 2589 praesens
1290 2531 1306 2573 a
1317 2516 1393 2573 vobis
1403 2525 1543 2587 separatus
1556 2531 1615 2574 sum
1628 2531 1755 2588 corpore,

117 2616 223 2673 vinetus
238 2618 356 2684 excubo,
369 2616 556 2686 obstringique
570 2631 613 2671 me
627 2630 718 2672 carum
732 2614 845 2671 neribus
857 2628 914 2668 ma·
963 2622 1053 2669 umen
1075 2626 1183 2681 semper
1205 2620 1295 2667 mente
1315 2611 1477 2681 conjungor,
1499 2619 1527 2666 et
1550 2609 1613 2687 ditm
1639 2625 1655 2665 a
1679 2609 1755 2666 vobis

118 2710 162 2781 gis
182 2712 268 2780 cupio
286 2725 367 2781 guam
386 2708 496 2765 resolvi.
520 2708 622 2778 Quibus
641 2718 668 2766 et
690 2722 740 2765 vos
752 2707 914 2764 constrictos
964 2706 1055 2761 animo
1076 2719 1129 2761 nou
1153 2701 1263 2771 recedo,
1280 2701 1431 2772 planctibus
1444 2702 1543 2759 vestris
1565 2701 1698 2758 interesse
1711 2715 1756 2757 nm

118 2814 182 2857 esse
192 2800 311 2856 conddo.
327 2799 510 2856 licdeuntibus
522 2800 611 2870 itaque
623 2798 721 2854 vestris
733 2798 807 2854 salrc
820 2797 914 2868 largis·
964 2795 1054 2853 credo.
1071 2795 1139 2864 tinia
1153 2794 1300 2851 secondum
1314 2793 1432 2850 divinam
1447 2790 1608 2850 sententbm
1623 2792 1694 2863 quod
1709 2805 1757 2863 pa-

119 2893 223 2948 simum
233 2892 302 2958 dico,
323 2902 350 2949 et
360 2908 392 2949 er
407 2892 532 2948 omnibus
546 2891 646 2963 gratias
663 2904 746 2961 agens
758 2891 914 2962 derelinquo
964 2890 1030 2945 titur
1043 2903 1127 2944 uuum
1139 2885 1301 2955 membrum,
1317 2886 1408 2941 omnia
1421 2883 1541 2941 membra
1556 2883 1756 2954 compatiemur

119 3000 184 3056 guae
204 2985 238 3040 ad
259 2985 421 3055 preconium
442 2992 564 3041 nostrum
583 2982 730 3054 pertinent.
754 2982 856 3039 ldcirco
870 2996 914 3039 mo
965 2979 993 3037 in
1007 2994 1133 3051 corpore.
1146 2976 1202 3035 tvos
1215 2978 1287 3035 euim
1301 2992 1354 3034 non
1367 2976 1454 3033 solum
1466 2974 1519 3032 lide
1528 2987 1757 3044 concorporamur

121 3075 232 3132 nituisse
253 3075 385 3148 significo,
410 3076 472 3147 quia
497 3076 524 3131 in
548 3074 664 3147 propriis
686 3074 820 3142 laudibus,
845 3074 916 3132 sictut
965 3070 1131 3139 inebriato,
1151 3070 1198 3128 sed
1219 3069 1300 3128 etlam
1321 3068 1438 3125 liliomm
1451 3067 1757 3140 conjunctioueconue·

118 3167 231 3235 dieitur,
247 3178 289 3224 est
307 3169 401 3223 odiosa
419 3167 563 3238 jactantias
586 3177 677 3224 vestra
694 3167 766 3224 enim
782 3167 840 3224 laus
853 3182 914 3225 mea
965 3167 1073 3224 utimur.
1099 3164 1176 3222 Unde
1197 3164 1278 3221 ctiam
1302 3162 1325 3221 si
1347 3177 1473 3220 curarum
1495 3171 1568 3219 tanta
1583 3161 1758 3231 intemperies

120 3258 194 3314 lacta
205 3267 262 3325 esu
284 3267 312 3315 et
325 3256 396 3323 ideo,
411 3266 440 3312 ut
451 3257 522 3327 dixi,
541 3257 576 3315 de
589 3257 810 3329 magnanimitate
824 3267 915 3316 vestra
964 3260 1149 3332 permisisset,
1168 3256 1202 3314 ad
1216 3256 1344 3314 solandos
1356 3270 1414 3325 vos,
1432 3271 1480 3327 pro
1495 3253 1618 3328 epistolis
1633 3254 1692 3324 ipsc
1708 3269 1757 3310 vo-

119 3361 217 3407 racere
230 3351 325 3407 melius
340 3350 420 3417 duri;
441 3350 503 3422 guia
523 3348 652 3424 quidquid
671 3351 706 3409 dc
718 3351 795 3411 vobis
809 3352 914 3424 disere,
966 3352 1077 3408 nissam.
1102 3348 1157 3408 Sed
1170 3349 1235 3422 quid
1249 3348 1372 3415 iacimus,
1388 3348 1485 3404 intres
1498 3347 1610 3419 optimi,
1629 3344 1700 3419 guod
1715 3345 1759 3402 di·

118 3442 188 3499 mibi
200 3442 293 3500 videor
305 3442 462 3501 contulisse.
965 3443 1037 3500 vinae
1050 3441 1177 3500 resistere
1188 3439 1319 3513 jussioni,
1342 3440 1411 3497 sicut
1424 3439 1523 3497 virtute
1535 3454 1589 3497 non
1603 3452 1758 3511 possumus,

440 3559 547 3617 EpggT·
567 3561 599 3619 n·
966 3534 1003 3590 ita
1018 3549 1068 3591 nec
1080 3534 1217 3590 voluntate
1230 3532 1369 3601 debemus,
1381 3541 1409 3588 et
1422 3531 1496 3588 omni
1506 3531 1677 3604 advigilantia
1690 3546 1758 3601 prae·

121 3649 241 3705 m,
250 3650 440 3706 ,ggggmsffimg
452 3659 475 3706 ,g
488 3650 627 3709 mmmm
636 3652 747 3711 lgm-„⁰
758 3654 916 3712 dmum-„g
967 3642 1064 3685 cavere
1084 3644 1119 3684 ne
1137 3628 1201 3684 dum
1216 3626 1305 3683 dulcia
1321 3625 1398 3682 uobis
1418 3626 1529 3698 pignora
1553 3626 1636 3683 nimio
1662 3624 1759 3682 dolove

192 3723 243 3776 mis
253 3720 379 3793 frutribus
390 3720 515 3777 Numerio
529 3733 553 3778 es
565 3723 699 3780 cmounioe
710 3725 842 3783 Ruricius.
926 3702 952 3768 C
967 3721 1109 3789 dellemus,
1124 3720 1291 3791 blasphemi,
1311 3730 1356 3776 aut
1369 3719 1568 3792 quodammodo
1582 3719 1705 3790 iniuriosi
1719 3718 1760 3774 vi-

156 3816 232 3874 luter
245 3818 363 3888 reliquas
377 3826 475 3886 grates,
492 3832 552 3889 quoa
571 3833 585 3871 a
606 3833 650 3875 me
670 3820 746 3877 vobis
762 3820 824 3891 iure
843 3821 914 3878 rele.
966 3812 1078 3869 deamur
1103 3811 1130 3867 iu
1156 3811 1289 3876 Dumium
1314 3821 1342 3867 et
1363 3811 1472 3882 gravina
1494 3811 1612 3866 animam
1639 3818 1759 3867 nostram

118 3908 216 3966 rendre
228 3919 306 3975 sunt,
329 3910 470 3977 praeseutia
485 3907 631 3966 acrisione
645 3913 750 3982 patroni
765 3913 915 3968 communis
965 3915 1060 3961 auctor
1079 3904 1162 3974 ipsios
1185 3904 1288 3960 meritis
1312 3904 1419 3959 inventu
1445 3905 1587 3960 occasione
1605 3904 1758 3970 confodiat,

118 4000 215 4055 domui
235 3999 385 4055 Postumini
406 4001 528 4071 ingentes
542 4002 643 4072 gratias
657 4017 718 4073 ago,
732 4004 803 4074 quod
821 4002 915 4070 bospi-
967 4013 1047 4068 guam
1070 4011 1196 4053 carorum
1215 3996 1362 4053 amissione
1384 3998 1526 4067 percussit.
1552 3997 1615 4052 ldeo
1637 4001 1663 4053 ln
1684 3996 1759 4056 omni

119 4090 221 4145 tioium
236 4099 356 4147 vestrum
376 4091 478 4147 lecistis
494 4091 578 4160 ipsius
592 4092 759 4148 orationibus
776 4090 915 4148 illustrari.
967 4089 1147 4148 amaritudine
1162 4090 1205 4147 vel
1219 4089 1314 4146 dolore
1333 4090 1366 4145 ad
1389 4090 1464 4145 illum
1480 4088 1557 4147 nobis
1572 4089 1759 4163 relugiendom

121 4181 194 4249 Quia
208 4182 273 4238 dnm
290 4183 366 4239 vobis
381 4183 492 4240 exbibet
506 4183 597 4252 idem,
614 4185 694 4241 nobis
716 4186 809 4242 tribuit
833 4193 917 4242 bene·
968 4192 1025 4246 est.
1041 4180 1117 4239 etad
1132 4180 1205 4237 iilum
1219 4195 1313 4238 omues
1327 4196 1406 4237 casus
1419 4183 1504 4238 nostri
1520 4182 1672 4239 totocorde
1687 4183 1759 4240 rele-

121 4272 286 4338 diutioncuv;
308 4282 336 4330 et
356 4274 421 4330 licet
436 4273 516 4331 luerit
530 4275 748 4346 vigilantissimus
768 4277 915 4349 inspector,
968 4272 1057 4338 rendi,
1072 4272 1117 4345 goi
1133 4279 1212 4328 sanat
1223 4272 1389 4341 vulneratos,
1402 4273 1447 4344 qui
1461 4260 1564 4331 relevat
1577 4283 1701 4343 moestos,
1712 4276 1760 4346 oui

121 4360 506 4434 importunissimuscxactur,
529 4366 743 4424 districtissimus
762 4380 916 4437 exsecutor,
969 4367 1126 4424 consolatur
1152 4365 1277 4423 aitlictos.
1308 4366 1342 4422 Et
1365 4366 1411 4423 illa
1436 4371 1571 4423 sententia
1597 4368 1681 4424 suncti
1708 4368 1760 4424 lob

120 4443 301 4510 leoia'umeu
322 4458 381 4513 buc
399 4458 488 4514 omnia
509 4460 593 4530 gratia
609 4468 697 4515 vestra
720 4469 748 4516 et
768 4462 917 4518 sanctitatis
969 4461 1081 4517 omnino
1093 4460 1282 4519 dicendacsl:
1298 4456 1424 4515 Dominus
1439 4461 1519 4525 dedit,
1536 4460 1660 4515 Dominus
1673 4459 1761 4515 obscu-

119 4564 183 4604 suac
197 4548 391 4619 ponderatione
406 4555 595 4621 pensavivnus;
620 4555 679 4621 onia
699 4553 769 4609 sicut
787 4557 917 4626 scriptum
970 4557 1008 4624 tic,
1025 4555 1091 4611 ucat
1104 4551 1214 4610 Domino
1228 4554 1341 4623 placuit,
1362 4554 1436 4609 itocv
1450 4554 1606 4625 factumest,
1623 4553 1655 4608 rit
1669 4569 1761 4609 nomeu

120 4639 309 4695 ansearius
330 4644 416 4697 omnio
440 4644 559 4708 sustinet,
584 4645 679 4698 comtos
700 4660 831 4716 uunquam
847 4650 917 4703 erci-
970 4647 1077 4702 Domini
1091 4646 1250 4700 benedictum
1270 4643 1329 4718 (loo
1351 4662 1371 4710 r,
1391 4645 1446 4716 sl).
1475 4645 1538 4701 litcc
1558 4660 1637 4715 ergo,
1654 4645 1760 4700 Domini

120 4732 165 4785 dit
180 4729 207 4801 (l
219 4729 282 4787 Cor.
296 4748 351 4799 xviv,
366 4734 403 4803 7),
428 4734 577 4804 pracerum
600 4749 659 4789 cum
685 4735 746 4803 boc,
761 4737 832 4807 quod
847 4736 920 4795 visus
971 4739 1086 4811 pectoris
1100 4739 1168 4803 mei,
1193 4739 1311 4794 scribere
1324 4740 1401 4795 vobis
1419 4739 1518 4795 idcirco
1533 4741 1706 4813 praesumpsi,
1732 4750 1762 4796 ul

121 4823 247 4892 erigere,
258 4825 335 4880 nobis
344 4839 406 4878 eum
418 4824 552 4879 credimus
563 4824 610 4880 Dei
621 4825 752 4882 beneiicic
762 4827 917 4885 commisse.
971 4831 1099 4887 dolorem'
1112 4845 1300 4899 communem,
1324 4846 1402 4900 qttcm
1424 4831 1559 4897 sciebam,
1578 4832 1648 4901 quod
1671 4831 1761 4886 serbis

120 4914 219 4982 ltaque
237 4929 270 4969 co
284 4924 295 4954 s
308 4915 415 4985 propria
430 4917 539 4972 civitate
553 4928 706 4984 remeante,
727 4920 854 4989 nunquia
873 4936 921 4977 nc·
971 4923 1040 4978 meis
1052 4921 1175 4993 mitigare
1190 4938 1243 4977 uon
1258 4932 1390 4991 poteram,
1405 4921 1447 4977 vel
1466 4922 1563 4980 divinis
1583 4923 1696 4992 eloquiis
1719 4933 1762 4979 ut-

120 5005 253 5058 ressarim
267 5017 368 5071 essent,
383 5007 430 5063 sed
445 5008 507 5077 grtia
521 5007 614 5073 voluit,
628 5008 699 5078 dedi,
714 5010 809 5077 utribus
824 5012 919 5068 indivi-
972 5029 1077 5083 eurique
1092 4997 1258 5068 moderarer.
1284 5014 1317 5067 bv
1331 5029 1394 5069 vcrc
1413 5029 1465 5068 noo
1487 5015 1625 5070 minimum
1647 5016 1761 5081 potastis

120 5096 187 5147 dara·
199 5100 369 5165 genuauituti
380 5111 476 5155 vestre
486 5098 559 5155 salve
570 5100 747 5171 largissimum
760 5102 917 5159 desiderans
930 5093 959 5155 Ι)
971 5118 1069 5175 capere
1083 5105 1117 5160 de
1129 5103 1228 5161 Christi
1242 5106 1379 5160 vtduututc
1394 5105 1530 5181 salaciam,
1544 5105 1614 5174 qtvoi
1628 5114 1762 5173 ‹prvatcuus

165 5264 179 5291 ⁸
192 5254 254 5310 Furit
267 5254 420 5318 Numerius,
435 5255 460 5308 ui
475 5253 562 5316 latior,
581 5255 651 5310 iilum
674 5272 733 5311 rum
748 5255 874 5310 Nummio
885 5257 919 5313 ad
973 5258 1060 5320 i'luuv,
1073 5258 1168 5315 scribit
1181 5258 1304 5314 liuricius
1317 5270 1417 5314 noster.
1433 5258 1486 5313 illis
1497 5256 1560 5312 Nutu
1576 5255 1634 5322 luit,
1650 5275 1710 5330 qum
1720 5261 1764 5329 ju-

120 5342 209 5393 quse-m
227 5326 335 5389 scripsit
349 5325 472 5380 Sidonius
485 5325 654 5393 Apollinaris,
677 5327 704 5381 iu
720 5331 861 5395 aquitania
876 5343 921 5385 se·
975 5334 1051 5384 venis
1067 5331 1148 5393 oluit,
1169 5339 1197 5384 ut
1211 5341 1281 5398 patet
1298 5346 1329 5384 rr
1345 5331 1458 5399 epistola
1470 5327 1569 5384 Ruricii
1585 5335 1673 5387 tortia.
1700 5332 1763 5389 Fun

119 5397 218 5449 csrndu
232 5396 341 5457 degens.
360 5395 405 5449 ilir
419 5395 522 5456 discum.
539 5397 628 5463 quiin
646 5399 742 5452 castris
758 5399 827 5453 irater
839 5413 920 5454 esco-
972 5400 1041 5456 alter
1053 5398 1194 5455 Nortiucios
1210 5413 1268 5463 rot
1281 5401 1381 5456 obitum
1396 5398 1496 5455 ltustiei
1507 5401 1689 5460 Arvuuuvum
1705 5403 1764 5476 epi-

121 5468 216 5522 Diales
233 5482 313 5521 corus
334 5466 432 5520 litteris
452 5466 581 5522 incubuit,
606 5467 655 5523 tibi
670 5468 782 5523 vacabat
796 5484 810 5521 u
824 5469 918 5525 militia
971 5485 1079 5542 scupus,
1094 5482 1214 5526 ancistro
1227 5469 1442 5542 distinguendus.
1457 5471 1536 5527 Dasu.

120 5549 154 5592 et
183 5542 281 5607 pugnis
302 5537 444 5592 maritimis
468 5538 595 5593 adversus
620 5538 741 5595 Saxovves
765 5539 808 5593 illa
829 5538 918 5596 littora
1007 5540 1225 5598 bi'ortedim'sio.
1564 5582 1567 5587 r
1769 5606 1772 5613 ¹

120 5607 307 5675 inlectantes,
328 5607 463 5662 venationi
482 5606 531 5662 luit
550 5607 671 5676 deditus,
692 5611 819 5679 solusque
837 5624 919 5666 cauca
1010 5612 1097 5679 ella,
1113 5614 1218 5684 proprio
1231 5613 1367 5669 diciuimle.
1388 5612 1442 5671 Sed
1456 5615 1549 5670 vocula
1562 5614 1590 5670 di
1604 5624 1646 5670 est
1658 5617 1759 5677 «teleta.

122 5690 270 5735 venatrcsrs
284 5679 358 5747 apris
371 5678 510 5733 sumendis
523 5687 599 5748 aptos
613 5677 719 5746 babuit,
737 5680 813 5736 dives
845 5681 921 5736 rocul
976 5683 1016 5735 An
1041 5683 1148 5754 proprio
1170 5684 1202 5739 dc
1224 5684 1344 5753 mutate,
1370 5698 1403 5742 an
1428 5686 1558 5758 proprium
1581 5687 1610 5742 io
1631 5687 1760 5749 civitatem

120 5749 231 5815 dubio,
256 5758 349 5818 utpote
371 5749 416 5833 qui
442 5757 497 5803 tum
520 5760 664 5805 venaretur
685 5758 741 5805 tum
765 5695 919 5807 aedilfcaret.
976 5751 1128 5824 legendum.

120 5818 294 5883 &nouum
309 5819 403 5877 babuit
415 5818 567 5891 conjugem,
581 5819 615 5876 ad
628 5834 710 5892 guam
723 5820 834 5894 saepius,
844 5829 876 5879 ut
888 5821 922 5881 ad
