4082 6348
260 373 294 431 ti
930 359 1085 419 stltrttdtt
1105 358 1206 419 PAPAE
1846 356 1884 414 48

259 490 288 540 et
307 475 475 543 'ilmotbeum
488 474 596 547 quidem
613 470 794 538 decessorem,
818 469 965 543 spirantem
980 485 1044 544 pro-
1058 479 1082 538 Α
1097 471 1147 539 dit,
1169 485 1229 543 quae
1253 482 1303 526 nos
1315 467 1414 527 liberos
1438 481 1487 542 pro
1508 466 1614 540 populis
1634 464 1793 524 Christianis
1812 468 1883 539 apel

258 569 352 643 celiae,
368 580 396 627 ot
408 567 617 627 ecclesiasticam
633 563 854 635 tranquillitatem
869 562 951 636 (sicut
962 577 1044 641 appa·
1094 561 1317 634 omnipotentiam
1341 560 1480 618 colestem
1498 566 1609 631 praestat
1620 557 1793 629 interpretes.
1805 557 1884 614 stem

257 661 323 734 ruit)
342 660 556 724 conturbantem,
576 658 637 713 ritas
650 655 778 712 subduxit
796 654 930 725 humente,
953 656 1045 715 dicens
1095 672 1160 729 ergo
1178 657 1206 713 ln
1220 653 1308 711 reditu
1323 652 1415 709 iratris
1430 662 1457 709 et
1472 648 1624 722 coepiscopi
1646 650 1734 706 nostrl
1746 649 1884 706 ilorotbei

257 756 282 810 ei
293 769 302 807 a
313 752 381 808 iore
392 759 416 806 et
426 747 673 819 obntsteseeiiiore.
688 746 738 818 ιι).
752 747 860 803 i’etrnm
872 762 988 819 quoque,
998 748 1045 825 qni
1095 748 1272 821 gratulamur,
1282 740 1329 800 'ita
1339 759 1400 800 eum
1413 750 1602 800 commonente
1620 739 1764 798 dilectione
1778 749 1823 797 tua
1835 756 1884 796 eu·

257 844 292 899 ab
306 839 468 898 Alexandria
483 851 559 893 more
575 835 699 893 similiter
713 834 828 915 [similis]
842 835 966 907 procellae
984 850 1046 891 sur·
1095 839 1182 909 pimus
1207 832 1469 906 irreprebensibilem
1493 830 1606 911 reperiri
1625 848 1631 885 s
1647 831 1711 902 quio
1734 830 1884 887 meministi

258 927 540 1001 serenaqotsstpsm,
560 937 641 996 atquo
655 926 681 980 iu
695 935 823 981 uternam
838 925 926 997 lugam
939 926 1045 996 (sarncto
1095 927 1157 995 lanc,
1172 941 1233 982 eum
1253 923 1409 997 iamdudum
1430 922 1515 979 idelis
1533 922 1655 993 presulis
1678 937 1731 978 non
1753 921 1886 979 babuisse

257 1022 358 1093 Spiritu
373 1020 466 1089 dante)
480 1017 624 1081 consentit,
643 1032 726 1074 unum
746 1027 775 1075 et
790 1018 875 1091 ipsum
893 1018 928 1076 de
943 1019 985 1075 iris
998 1018 1044 1091 qui
1095 1000 1284 1083 constantiam,
1299 1015 1406 1091 quaudo
1419 1014 1455 1083 ei,
1473 1023 1502 1070 ut
1517 1014 1633 1070 damnati
1650 1012 1769 1070 Dioscuri
1783 1026 1885 1068 nonno

256 1115 320 1169 olim
340 1109 584 1169 lucrantdaruuati.
601 1108 759 1165 sicutenim
774 1110 800 1166 in
814 1109 914 1167 tuostris
927 1110 1044 1168 arcisisis
1095 1111 1166 1167 luter
1187 1107 1281 1166 altaria
1299 1107 1470 1176 recitaretur,
1492 1112 1626 1162 extortum
1644 1112 1696 1161 est.
1717 1104 1782 1160 iiata
1802 1103 1887 1159 lertio

257 1199 395 1276 [credilis]
412 1202 548 1256 laurentum
563 1207 615 1268 est,
637 1196 713 1254 etde
736 1198 835 1255 restris
852 1199 1044 1272 scrinilsistre·
1095 1201 1155 1258 idus
1181 1199 1269 1257 iinrtii
1293 1199 1372 1272 (enne
1393 1196 1455 1255 dits.
1478 1197 1555 1270 its),
1577 1197 1629 1254 illo
1647 1197 1707 1253 siro
1730 1195 1887 1253 elsrlssloto

256 1291 341 1371 emi,
364 1289 388 1347 sl
412 1289 558 1363 dignamini
579 1289 727 1360 requirere,
754 1287 876 1360 poteritis
899 1304 1045 1361 agnoscere
1094 1293 1214 1351 corasuie.

257 1398 317 1453 quae
330 1384 359 1440 in
378 1389 500 1452 tempure
524 1378 558 1436 de
582 1379 677 1436 eodem
698 1378 851 1446 subsecuta,
874 1378 909 1437 ab
928 1379 1045 1436 Alexan·
1374 1382 1540 1441 irrisioni
1554 1382 1593 1439 x.

257 1473 336 1537 lirino
355 1472 481 1547 episcopo
504 1468 617 1525 Romani
638 1469 673 1525 ad
696 1467 856 1525 alterulntnt
876 1468 932 1525 aiut
950 1469 1043 1525 tcialo.
1178 1489 1300 1533 stusttcu
1313 1489 1388 1532 bart!
1407 1489 1441 1530 tu
1459 1488 1581 1530 senonen
1597 1486 1795 1531 unaarum.
1896 1544 1900 1553 ‚

257 1563 308 1632 (Μ
321 1562 417 1620 9⁰⁰¹ss
429 1561 517 1621 “⁰⁰⁰⁸
532 1557 650 1616 “mm
669 1557 750 1624 “¹⁰⁸³
766 1566 794 1616 ⁰¹
811 1572 921 1630 ΨΜ
933 1558 985 1615 ‘¹¹⁶¹
999 1558 1044 1614 Μ·
1094 1582 1199 1643 Gratias
1213 1560 1277 1657 ugit⁸
1288 1582 1450 1639 Timotheum
1464 1582 1645 1639 iimndrinoe
1663 1581 1784 1639 uertere
1803 1583 1880 1638 resti-

258 1655 644 1725 ceutiumallennsapparens,
657 1652 903 1710 omuinoteoelnas
916 1652 949 1708 sd
963 1654 1045 1709 latro·
1131 1664 1214 1713 tatem
1245 1670 1353 1722 eaanee
1373 1662 1447 1724 regat
1460 1661 1488 1708 st
1506 1652 1609 1708 Petrum
1627 1653 1741 1726 ejusdcm
1758 1651 1884 1710 lieciesioe

258 1747 358 1803 oinium
385 1742 567 1821 peragendum
593 1757 741 1819 congruas,
768 1757 860 1799 earum
886 1754 1046 1814 cooperator
1130 1694 1330 1796 mmmm
1344 1722 1546 1797 ‘wuilliilb

258 1835 399 1899 irarenleus
409 1833 497 1891 media
510 1842 602 1900 nancte,
616 1829 960 1902 adbneiacentecadarero
973 1832 1045 1888 lilius
1058 1848 1084 1911 g
1200 1836 1354 1908 simplicius
1365 1837 1508 1906 episcopus
1522 1834 1624 1893 Zenoni
1638 1833 1769 1906 imane.

257 1926 301 2005 qui
315 1935 442 1996 paternos
455 1936 574 1979 meones
585 1921 766 1988 subverterat,
788 1921 934 1997 insepulto,
951 1923 1045 1979 subre-
1130 1931 1183 1988 pqr
1196 1930 1306 1987 pennum
1319 1930 1404 1985 plnum
1423 1927 1597 2000 spectabilem
1615 1926 1742 1983 nerninem
1756 1923 1883 1983 masillias

259 2017 311 2088 iili
325 2018 351 2072 5¹¹
371 2014 461 2073 iidem
476 2013 614 2088 [surripuit
630 2009 817 2085 sedent],sieut
831 2011 1045 2088 ipsearbitrntus
1094 2020 1270 2078 nobilissimae
1293 2019 1400 2076 iemlnre
1425 2016 1491 2074 olim
1516 2014 1670 2072 divinorum
1701 2014 1883 2071 exsultatione

257 2117 312 2174 en,
331 2121 387 2163 nna
400 2116 429 2163 et
442 2105 502 2163 ento
522 2111 665 2181 presente,
690 2112 719 2160 et
732 2118 765 2160 ee
786 2103 830 2173 qut
844 2117 956 2160 conen
974 2102 1046 2159 ttttns
1095 2109 1428 2187 nmerun,ntunpuatts
1442 2110 1469 2165 tn
1486 2108 1601 2166 unnim
1614 2107 1691 2182 ngat
1703 2105 1883 2179 rernptnne

261 2196 534 2264 insistebstinsanioe,
547 2195 584 2252 ita
598 2204 627 2251 ut
639 2203 750 2267 propter
763 2193 814 2252 boc
825 2194 972 2266 majoribus
982 2207 1046 2265 sup·
1093 2202 1230 2273 ditemque,
1254 2210 1317 2259 pum
1339 2198 1500 2259 universalis
1523 2198 1651 2256 Ecclesiae
1669 2197 1766 2270 gaudie
1779 2196 1884 2254 medlo·

258 2291 345 2364 pliciis
356 2289 519 2348 subderetur
534 2306 541 2342 :
555 2302 606 2344 nec
620 2286 691 2358 quod
711 2287 835 2359 sperabat
850 2285 975 2344 ellectum
990 2292 1043 2342 est
1093 2294 1274 2352 spinalensem
1288 2293 1393 2350 linense
1407 2291 1538 2349 obtulisse
1548 2288 1734 2356 meminerim
1748 2302 1799 2346 uec
1813 2289 1884 2345 intre

258 2382 312 2441 Sed
325 2380 486 2455 illequldem
498 2378 533 2434 de
546 2393 577 2435 se
590 2393 624 2434 ex
639 2386 714 2449 perte
728 2377 769 2433 rel
785 2376 897 2433 minima
908 2376 1043 2449 iudicans,
1095 2384 1235 2442 universes
1258 2384 1398 2440 perlinisse
1422 2381 1483 2438 ndat
1499 2380 1654 2438 neeffleta
1673 2392 1755 2449 npetu
1776 2378 1883 2435 ιιοιιιιιι

258 2484 389 2545 Milium
403 2468 509 2543 Wilss
520 2467 630 2523 0⁰¹¹¹¹¹¹⁰
649 2467 808 2538 willirih·
826 2466 984 2523 T¹m⁰i¹¹0¹¹⁸
998 2479 1044 2521 ιιι·
1095 2475 1178 2532 nostri
1191 2475 1233 2531 sel
1256 2474 1330 2531 solus
1349 2472 1424 2543 potul
1436 2480 1537 2538 tscere,
1559 2469 1602 2528 uel
1621 2468 1746 2540 primos:
1765 2467 1827 2539 quia
1839 2483 1883 2524 se·

258 2583 312 2625 tem
322 2576 493 2639 paternorum
503 2577 635 2620 moenum
649 2568 751 2630 custos,
766 2562 811 2633 qul
825 2560 959 2617 davidicae
969 2576 1044 2616 man·
1094 2563 1211 2621 eundum
1225 2563 1334 2620 beatum
1348 2562 1460 2618 Paulum
1472 2559 1622 2635 sponntuna
1634 2557 1680 2633 iii
1688 2557 1750 2615 Cor.
1761 2559 1822 2629 ιιι),
1833 2559 1884 2616 iic-

258 2656 405 2713 suetudiuis
416 2653 540 2725 exemplo
557 2651 693 2718 subditur,
707 2659 734 2707 ct
750 2665 837 2722 usque
855 2650 882 2706 in
905 2650 984 2705 linem
998 2663 1045 2725 pa·
1095 2657 1237 2713 datarum
1252 2656 1476 2711 omnitenentem
1499 2654 1646 2722 anabusns,
1666 2652 1733 2709 milui
1746 2665 1880 2708 mmmm

264 2748 343 2815 tiens,
364 2754 444 2817 atque
458 2742 583 2815 potestati
596 2741 713 2814 imbibi
732 2740 902 2798 restitutens
925 2740 1044 2809 cbristo,
1094 2746 1184 2819 gandii
1196 2746 1230 2803 de
1241 2745 1345 2803 reddita
1356 2760 1406 2818 pro
1419 2745 1563 2803 elennenis
1578 2752 1667 2802 restra
1680 2755 1772 2800 earum
1792 2741 1883 2815 quiete

257 2838 373 2912 propriae
384 2835 458 2894 sedis
473 2837 574 2891 bonore
589 2834 715 2890 letatum:
731 2839 759 2889 et
777 2832 956 2905 spiritualium
977 2832 1046 2886 iliiu-
1095 2836 1249 2908 specialiter
1270 2835 1414 2905 uindicaui,
1439 2835 1510 2907 quoti
1533 2847 1583 2891 ros
1602 2833 1753 2890 liltiuitatis
1771 2832 1884 2901 auxilie,

258 2946 318 2986 rurn
333 2943 415 2985 socos
434 2925 579 2999 accipiens,
602 2925 715 2998 gratiam
740 2922 885 2980 curationis
907 2933 1046 2994 exspectat
1086 2928 1206 2997 ,deiectis
1232 2928 1369 3001 religionis
1394 2937 1421 2983 ct
1440 2926 1514 2998 regni
1542 2924 1675 2997 bostibus,
1704 2924 1884 2981 meruerimus

258 3018 434 3092 multiplicato
446 3017 474 3076 iu
484 3032 514 3075 so
524 3016 627 3074 bormre
641 3013 773 3073 scbrtstn
786 3014 907 3088 principe
918 3013 1045 3072 sacerdo
1096 3017 1195 3074 babere
1220 3019 1346 3083 uictores,
1372 3025 1401 3073 et
1427 3016 1455 3072 iu
1483 3029 1537 3072 uuo
1564 3013 1714 3086 eodemque
1738 3021 1883 3084 mesenen,

257 3121 314 3168 turn
330 3128 336 3167 :
353 3116 464 3185 propter
476 3123 556 3181 quero
578 3118 605 3165 et
619 3107 770 3165 hiemalia
789 3121 916 3164 cornuam
939 3108 1045 3168 sibimel
1096 3110 1206 3168 cbristo
1218 3111 1246 3168 in
1263 3110 1340 3167 anubis
1355 3108 1455 3181 ubique
1469 3107 1603 3177 rioceole,
1622 3114 1650 3164 tat
1663 3105 1752 3162 cultus
1767 3118 1839 3160 rere
1852 3104 1885 3160 ii-

256 3205 392 3282 reiigsrit.
420 3202 557 3259 licentius
579 3200 660 3273 igitur
680 3208 739 3257 oret
758 3209 848 3258 restra
872 3199 1006 3256 beatitudo
1019 3205 1083 3272 etc
1096 3203 1150 3270 dei,
1170 3212 1199 3261 ot
1213 3211 1299 3259 status
1312 3211 1354 3259 est
1367 3212 1506 3273 reparatus
1518 3198 1643 3271 imperiis
1658 3195 1730 3267 qood
1740 3202 1887 3266 utromque

257 3308 307 3365 pro
324 3291 553 3350 christianissimo
576 3289 749 3362 imperatore,
774 3299 802 3348 et
820 3304 870 3362 pro
891 3290 1044 3360 nobisipsis.
1096 3293 1158 3349 ideo
1175 3290 1261 3348 iuerat
1275 3291 1393 3363 (diabolo
1406 3305 1437 3348 se
1453 3290 1487 3347 ad
1502 3300 1608 3363 tempus
1621 3286 1811 3358 interserente)
1825 3294 1882 3342 tur·

258 3386 328 3442 iiiiii
343 3385 414 3440 cuim
428 3380 638 3454 pretermittitur
651 3395 745 3443 eorttm
758 3394 819 3452 qnae
838 3379 873 3436 sd
896 3380 1044 3437 custodium
1095 3381 1198 3451 mlum,
1213 3388 1243 3437 ut
1260 3380 1416 3437 alterutrius
1434 3378 1597 3437 aduersariis
1618 3375 1766 3449 dissipatis,
1780 3390 1884 3448 praeco·

258 3475 448 3533 ecclesiastae
470 3472 617 3551 respiciunt
633 3471 793 3547 discipliuae,
813 3470 972 3535 Uanirersam
992 3471 1046 3526 ira
1096 3472 1254 3529 nia'iiercnt
1275 3470 1378 3542 melosa
1403 3470 1552 3538 riuccntis;
1571 3469 1641 3526 ιιιιιο
1665 3475 1719 3525 tant
1746 3467 1885 3540 preclaras

256 3565 412 3623 minuitatem
426 3578 487 3635 qum
506 3561 643 3623 nobiscum
668 3571 710 3618 est
725 3563 752 3617 iu
765 3560 886 3628 cbristo,
912 3570 939 3619 el
954 3575 1004 3632 ego
1018 3568 1046 3616 et
1096 3560 1210 3619 metum
1223 3562 1328 3617 uirtutis
1348 3561 1461 3633 adeptus
1471 3575 1533 3618 eum
1547 3560 1638 3617 laetitia
1657 3558 1817 3616 universale
1831 3557 1885 3615 Ec·

258 3656 304 3729 qul
322 3669 427 3719 mecum
448 3660 523 3723 sunt,
542 3650 700 3715 salutamus.
718 3650 751 3707 Et
766 3651 926 3713 rito-mont.
950 3649 979 3711 iu
994 3648 1046 3709 iio·
1095 3653 1185 3711 elesias
1196 3666 1382 3725 noscensque
1393 3653 1613 3710 alnecessstieus
1627 3652 1712 3718 iodea
1728 3660 1883 3729 lacmnoo

259 3746 331 3809 unico
348 3742 525 3812 cucurreris,
550 3743 720 3805 sumtisstme
741 3751 771 3806 ol
790 3742 946 3805 lae-tttesiue
968 3748 1046 3812 pater
1096 3752 1205 3815 mesura
1225 3743 1325 3813 gratias
1345 3743 1406 3800 sine
1419 3742 1502 3799 dublo
1520 3756 1655 3814 pmenms
1676 3742 1746 3813 qaod
1765 3740 1886 3814 antiqu·

256 3836 316 3910 [see
325 3851 374 3909 pse
384 3834 466 3900 sesne,
480 3832 623 3903 inuidere
632 3829 727 3903 palmi.
1095 3842 1221 3905 veraque
1232 3832 1295 3890 idei
1307 3831 1334 3888 ln
1349 3832 1432 3890 iratre
1449 3840 1477 3890 et
1490 3831 1651 3903 coepiscopo
1665 3845 1726 3888 meo
1739 3831 1885 3888 'iimotbeo

542 3962 710 4021 mmm
725 3963 759 4020 Ιχ
1010 3940 1013 3945 ·
1096 3925 1305 3982 Alexandrinam
1327 3923 1475 3981 Ecclesiam
1494 3923 1665 3989 reddidistis,
1684 3923 1762 3994 rupes
1782 3923 1816 3978 ad
1839 3938 1885 3980 me

449 4070 571 4121 mmm
583 4070 657 4119 W
675 4072 711 4117 w
725 4004 849 4119 tcicttttt.
1095 4014 1183 4088 nuper
1201 4017 1299 4074 littero
1316 4026 1510 4084 commeantes,
1524 4016 1635 4087 expulsa
1651 4015 1811 4086 proteritate
1829 4016 1884 4072 Ett-

255 4149 920 4293 t'‘tettitttbalt‘tttttatnnt
936 4151 1045 4211 tlt·
1095 4107 1678 4267 :ttibitnltltlitita
1692 4106 1885 4257 iiiiii

258 4307 412 4385 Simplicius
433 4307 576 4385 episeopus
589 4307 688 4387 doario
710 4307 837 4385 episcopo
851 4307 1044 4371 constamine·
1097 4285 1180 4356 (ΨΜ
1200 4292 1264 4342 ⁸⁰¹⁶
1278 4295 1442 4356 ‘mmmm
1459 4287 1703 4358 ‘'mmmm’‘
1716 4302 1884 4344 mmmm·

590 4376 719 4445 peirtano.
1096 4376 1181 4444 rarit3
1193 4376 1308 4434 incitans
1318 4393 1368 4436 noe
1380 4379 1512 4448 ementes,
1525 4389 1556 4436 ul
1572 4377 1632 4436 boae
1645 4380 1702 4450 ipss
1717 4381 1824 4450 pietatis
1835 4396 1883 4437 re·

291 4468 376 4537 Quam
391 4468 426 4523 sit
446 4465 540 4523 elices
561 4463 770 4537 supplicantium
791 4464 906 4521 ilomluo
919 4479 1045 4536 persece-
1095 4467 1160 4523 stris
1178 4468 1303 4524 sensibus
1324 4469 1498 4527 referremus.
1518 4470 1554 4528 lit
1567 4485 1634 4541 ergo
1646 4470 1826 4540 tranquillitos
1840 4486 1883 4528 re

258 4558 342 4614 santia
358 4558 540 4623 sacerdotum,
563 4565 592 4612 et
613 4570 692 4627 qnam
709 4554 827 4626 iucoodo
843 4558 991 4628 gratuletur
1002 4558 1044 4613 ei·
1055 4558 1084 4624 Ι)
1094 4561 1143 4617 stri
1158 4571 1285 4631 perpetua
1299 4570 1328 4618 et
1341 4560 1395 4616 ixa
1408 4562 1445 4618 sit
1454 4562 1539 4636 regni,
1554 4562 1673 4634 quietern
1684 4576 1764 4633 qoem
1778 4565 1883 4619 meede

256 4647 338 4713 lectu
350 4649 469 4703 strunium
483 4645 554 4717 quod
569 4645 721 4702 dciensioni
744 4645 806 4703 idei
820 4646 933 4703 sinceris
946 4650 1045 4707 utenti·
1095 4654 1122 4709 in
1142 4661 1291 4709 memorata
1311 4652 1434 4710 Ecclesia
1456 4653 1631 4725 praestitistis,
1649 4654 1772 4726 perrigiii
1792 4665 1884 4727 merc

257 4739 309 4793 isos
335 4737 486 4805 exbibetur,
508 4736 604 4793 litteris
625 4746 679 4792 tue
701 4734 854 4793 dilectionis
879 4740 1042 4809 agnoscitur,
1094 4745 1183 4802 nunna
1202 4746 1335 4803 emanare
1350 4764 1357 4801 ς
1372 4756 1399 4803 qe
1422 4746 1493 4817 quon
1510 4746 1621 4817 ineunte
1641 4760 1690 4802 ena
1705 4745 1819 4801 bomine
1833 4762 1884 4816 pen

255 4830 363 4900 quando
377 4844 411 4899 po
427 4839 437 4884 t
451 4836 523 4884 tanta
543 4826 702 4897 eernmios,
717 4828 816 4899 qulbus
831 4828 1044 4889 ileimiscritur·
1094 4837 1274 4894 innocentium
1291 4838 1391 4895 lecistis
1413 4840 1500 4896 salute
1522 4840 1687 4908 animarum,
1711 4838 1883 4910 religiosiore

259 4922 300 4978 ils
314 4921 341 4976 le
355 4933 436 4977 eausa
451 4921 567 4992 propriae
581 4917 721 4990 religionis
732 4919 846 4978 iamuios
858 4929 886 4977 et
905 4922 1044 4981 rninisbos
1093 4931 1183 4987 serenio
1205 4940 1234 4986 et
1255 4931 1392 5001 diligentia
1415 4932 1559 4988 attenuere
1577 4931 1710 5003 protegite
1724 4946 1732 4985 s
1746 4930 1808 5000 qnia
1827 4947 1882 4986 nnn

252 5014 312 5065 iarn
331 5011 498 5067 consumens
523 5012 662 5082 potestati,
681 5011 884 5083 probatissimos
908 5014 959 5072 sibi
979 5014 1043 5072 lecit
1096 5019 1209 5076 minoris
1227 5030 1269 5078 est
1295 5021 1387 5094 giorire
1408 5021 1482 5092 quod
1497 5019 1651 5077 condideris
1676 5030 1882 5089 servenequam

255 5116 316 5158 osse
331 5102 457 5168 uicturos,
471 5103 603 5174 siquidem
617 5102 801 5162 alexandrina
817 5106 936 5164 Ecclcs⁷a
952 5108 1043 5165 divino
1095 5111 1244 5170 concedere
1257 5109 1404 5184 [rendereh
1424 5122 1452 5170 ct
1465 5115 1590 5171 omnibus
1601 5124 1643 5171 est
1656 5113 1808 5184 probatum,
1823 5121 1883 5166 tan-

256 5193 363 5277 taudem
375 5194 478 5265 indicio
492 5196 616 5263 liberate,
634 5195 661 5251 lu
677 5197 841 5254 montesium
859 5200 1042 5258 communium
1096 5208 1151 5255 tum
1168 5199 1243 5257 robis
1264 5201 1347 5257 dirlnl
1363 5202 1460 5260 brente
1475 5204 1639 5274 impensum,
1658 5214 1788 5274 qnantum
1802 5200 1882 5256 cbri-

256 5298 306 5341 uos
319 5283 453 5341 mantuane
466 5286 635 5356 gaudiorum,
646 5288 708 5344 eum
722 5289 767 5359 qni
780 5288 814 5345 ais
826 5290 955 5348 baretico
969 5292 1043 5363 linga-
1094 5291 1189 5346 stiones
1199 5290 1349 5361 religionis
1364 5302 1453 5348 ummo
1470 5293 1568 5364 pietate
1580 5301 1623 5350 est
1636 5290 1752 5350 sedulita
1764 5290 1788 5346 is
1801 5289 1881 5346 exbi-

255 5383 300 5429 tns
311 5374 407 5440 luerat,
418 5376 452 5429 ad
467 5376 526 5449 ejus
535 5376 626 5435 sedem
638 5377 749 5435 rediisse
759 5381 876 5438 testaris.
892 5380 969 5445 Uinde
983 5384 1042 5446 anti·
1094 5381 1191 5440 bittunt.
1205 5382 1236 5441 iit
1248 5384 1370 5453 quamuis
1385 5385 1411 5441 in
1424 5385 1586 5454 omniparis
1599 5384 1674 5455 regan
1686 5382 1730 5439 eui
1743 5379 1882 5453 profutura
1977 5376 1984 5383 ’

257 5469 308 5522 tanis
322 5469 515 5523 exsultantibus
536 5470 569 5524 ad
590 5468 748 5529 universalis
769 5469 898 5533 Ecclesiae
910 5473 1040 5545 quietem,
1092 5471 1183 5529 dirius
1200 5471 1284 5531 ctsital
1296 5474 1460 5543 protidcotia
1476 5485 1564 5533 vestra
1579 5490 1634 5531 nou
1653 5473 1794 5531 desisteret
1808 5472 1882 5527 cuais

256 5556 364 5615 Citrtsto
382 5560 435 5615 lico
459 5569 551 5614 nostro
575 5575 625 5631 pro
642 5560 728 5616 saltate
754 5562 868 5631 primum
893 5564 1041 5622 lideiissiuai
1093 5565 1206 5632 widinis
1228 5567 1447 5637 tranquillitatem
1471 5566 1602 5625 iicclesite
1621 5565 1762 5636 prolerre,
1785 5578 1881 5635 precor

256 5649 386 5722 principis
399 5650 592 5721 supplicamus,
613 5651 656 5713 ctti
675 5664 725 5720 pro
743 5650 896 5721 deuotione,
911 5668 964 5726 qua
976 5671 1042 5713 cun·
1093 5663 1182 5715 maclou
1202 5663 1232 5713 ut
1257 5656 1328 5726 ιιιιιι
1353 5657 1561 5727 praesteria
1581 5656 1713 5728 postulat,
1733 5655 1788 5711 inte
1808 5652 1881 5723 guod

255 5751 315 5793 ctos
328 5740 463 5798 exurente
479 5740 647 5809 sacenlatos,
664 5739 751 5812 pietus
765 5740 824 5799 base
836 5743 926 5801 disits
944 5758 1042 5803 eonce-
1093 5748 1144 5817 ipo
1166 5750 1307 5819 specialius
1334 5749 1526 5818 stupplieamus,
1551 5752 1659 5807 iteratum
1689 5746 1882 5829 bbsatmriaas
