4080 6348
239 328 291 387 sos
351 392 354 397 Δ
873 320 996 381 sroonu
1015 297 1243 381 erotundata
1758 326 1766 339 ·
1827 310 1887 374 aot

240 441 332 500 ridoor
344 442 486 519 explosas,
508 454 544 497 ea
557 438 645 513 legato
664 437 776 501 nuntius
790 450 848 494 cro.
871 436 944 494 llieet
961 438 1034 494 scias
1046 439 1073 501 Δ
1085 437 1167 503 mala,
1181 437 1269 494 bonus
1284 433 1422 501 sacerdos,
1435 433 1523 491 bonus
1533 439 1622 504 pater,
1634 430 1722 491 botrus
1732 444 1820 491 annua
1830 444 1885 491 esa

239 534 314 601 roio,
341 546 517 604 peromnem
539 530 623 588 lortur
646 529 817 602 aquitaniam
845 528 931 601 gloria
959 536 1028 584 tua:
1084 530 1181 605 quibus
1196 544 1286 601 operae
1302 529 1417 600 pretium
1439 527 1505 595 luit,
1520 527 1578 584 lteri
1599 527 1696 585 tamem
1711 541 1788 583 suam
1812 526 1887 597 perl-

239 629 359 697 amaris,
387 626 519 692 laudaris,
543 623 728 695 desideraris,
743 624 891 691 excoleris,
912 622 1032 680 omnium
1085 623 1166 691 onio,
1183 622 1207 679 si
1224 621 1303 678 aliter
1317 635 1378 678 osse
1401 636 1455 677 non
1470 627 1577 690 poterat
1594 628 1638 675 tua
1653 619 1763 691 largitas
1777 618 1887 689 experi-

239 723 414 795 pectoribus,
438 718 559 776 omniura
584 719 666 775 uotis.
699 718 771 774 lnter
798 718 856 773 bars
882 727 1032 788 temporum
1088 722 1189 771 mento.
1206 713 1308 769 linnor
1322 712 1408 769 nostri
1422 725 1484 768 esse
1497 711 1626 785 dignare,
1641 709 1752 768 domine
1766 725 1847 782 papa.

241 841 1881 879 Μ

709 958 950 1091 arnse
986 955 1407 1097 sosarmus

443 1149 520 1222 171
541 1143 709 1203 betsabee
729 1142 853 1200 aalma.
1095 1116 1162 1198 tides
1176 1142 1262 1197 tuain
1277 1140 1324 1197 illo
1338 1140 1435 1198 ardore
1453 1139 1515 1211 plus
1533 1138 1615 1196 caluit
1635 1154 1643 1192 ε
1662 1146 1762 1195 etcum
1777 1139 1890 1197 incon·

327 1262 452 1321 simp„
463 1262 590 1318 domin„
605 1274 679 1333 pm
693 1257 820 1314 Mamer„
833 1257 952 1314 mmm·
1088 1242 1182 1306 spectu
1196 1232 1301 1304 pavidae
1317 1231 1418 1302 plebis,
1435 1230 1542 1301 objectu
1557 1231 1615 1287 solo
1629 1231 1668 1287 tui
1679 1232 1804 1303 corporis
1817 1233 1890 1305 ignis

1033 1340 1038 1349 ·
1088 1341 1215 1384 recussus
1226 1325 1252 1381 in
1264 1334 1367 1398 tergum
1378 1323 1498 1396 fugitivis
1511 1322 1625 1380 denibus
1642 1326 1815 1392 sinuaretur,
1836 1326 1890 1381 ιιιί-

277 1420 380 1477 Rumor
389 1426 432 1476 est
447 1419 550 1477 Gothos
563 1418 591 1475 in
611 1417 763 1474 Romanum
776 1416 865 1473 solum
878 1423 967 1473 castra
980 1429 1036 1471 mo
1086 1419 1181 1475 meulo
1195 1417 1320 1484 terribili,
1337 1431 1417 1487 noro,
1433 1415 1572 1483 inusitato,
1584 1415 1667 1472 adluit
1681 1417 1761 1490 173
1771 1416 1891 1477 llanrmaa

241 1513 323 1573 uisae·
352 1512 421 1568 little
446 1527 554 1582 semper
575 1510 718 1582 irruptioni
739 1524 789 1566 nos
810 1508 903 1565 miseri
922 1507 1037 1565 Arverni
1087 1512 1185 1569 erdere
1200 1511 1455 1583 perseverentiam,
1469 1510 1512 1565 oui
1527 1509 1731 1579 sctttircdelult
1744 1524 1794 1581 per
1810 1524 1891 1569 natu-

241 1606 325 1677 janua
338 1621 441 1662 sumus.
467 1604 588 1675 Namque
603 1603 673 1659 odiis
695 1601 866 1658 inimicorum
882 1600 944 1657 linc
957 1613 1038 1671 pects
1088 1620 1159 1662 ram.
1175 1602 1294 1660 Primum
1316 1603 1396 1675 igitur
1408 1610 1436 1659 et
1449 1602 1483 1658 ils
1498 1603 1589 1673 paucis
1601 1601 1688 1658 nostrl
1704 1603 1808 1659 ordinis
1822 1603 1890 1662 rins

241 1698 318 1759 tiana
333 1698 450 1757 tomenta
471 1697 716 1764 subministramus,
743 1695 805 1767 quin
828 1694 898 1767 qnod
922 1694 1037 1751 necdum
1090 1699 1186 1756 indicis
1196 1697 1308 1771 jejunia,
1322 1696 1461 1754 interdicis
1472 1695 1582 1767 dagitla,
1597 1695 1729 1768 supplicia
1745 1696 1886 1767 predicis,

242 1790 373 1847 terminos
387 1805 451 1847 suos
464 1791 499 1846 ab
512 1790 619 1847 oceano
634 1788 828 1853 iniibodannm
841 1788 944 1860 ligeris
958 1787 1036 1843 alueo
1088 1791 1208 1849 remedia
1228 1790 1363 1862 promittis
1382 1805 1391 1847 ι
1415 1789 1529 1860 saponis
1547 1788 1691 1858 omnibns,
1713 1804 1763 1845 nec
1777 1804 1888 1862 poenam

243 1883 435 1952 limitaverunt,
448 1884 594 1956 solamssnb
606 1899 657 1954 ope
668 1882 769 1939 Christi
781 1896 883 1939 moram
896 1883 930 1940 de
943 1893 1035 1940 nostra
1087 1882 1259 1955 longinquam
1280 1896 1358 1950 esse,
1375 1897 1424 1938 nec
1439 1881 1560 1947 veniam3
1575 1880 1657 1937 docos
1666 1879 1831 1937 denuntiate
1843 1895 1890 1938 so·

243 1985 345 2035 tanttmr
368 1977 445 2033 obice
461 1979 607 2048 patiuntur.
623 1977 862 2048 CircumJactarum
878 1978 956 2051 172
970 1992 1035 2034 roro
1090 1978 1211 2035 titudinis
1225 1977 1312 2032 minas
1324 1976 1477 2032 orationum
1503 1974 1654 2046 frequentia
1676 1989 1737 2031 esse
1759 1974 1891 2032 amolien-

227 2070 346 2155 spatia,
362 2078 529 2141 tractumque
546 2071 686 2141 regionum
698 2070 754 2142 jam
770 2069 873 2140 pridem
898 2072 973 2143 regni
988 2043 1076 2126 ml·B
1094 2071 1158 2139 das;
1179 2086 1274 2128 mones
1284 2069 1468 2125 assiduitatem
1481 2067 1596 2125 furentis
1609 2068 1742 2155 incendii,
1758 2082 1826 2140 agua
1841 2083 1891 2140 po-

241 2163 316 2223 ttacis
338 2162 493 2234 importuna
517 2163 657 2219 devorarit
676 2162 828 2232 impressio.
845 2163 897 2219 Sed
912 2162 1041 2218 animosi·
1096 2163 1148 2221 tius
1160 2163 1299 2219 oculorum
1313 2175 1393 2231 quam
1413 2160 1554 2217 dominum
1567 2174 1647 2231 posse
1666 2159 1812 2231 restingui;
1828 2174 1891 2217 mo-

241 2255 289 2313 iati
304 2263 405 2313 nonnas
419 2265 473 2313 tam
490 2254 655 2320 temerarie,
671 2261 781 2325 umque
795 2242 970 2326 periculosae,
985 2269 1039 2311 non
1096 2271 1144 2314 nes
1163 2257 1295 2313 minacem
1324 2264 1403 2310 terrae
1429 2264 1551 2311 motuum
1573 2253 1798 2311 conflictationem
1827 2253 1891 2317 ildei

244 2361 295 2409 ltus
305 2355 353 2404 aut
365 2348 516 2405 ambustam
531 2361 671 2404 murorum
685 2346 795 2415 taciem,
812 2356 858 2403 aut
873 2358 978 2419 putrem
993 2364 1042 2404 su·
1093 2347 1238 2404 stabilitate
1251 2346 1418 2403 demandam.
1434 2346 1516 2417 Cuius
1527 2344 1669 2403 oonlmtim
1684 2362 1785 2420 sequax
1799 2347 1890 2404 hurni-

244 2439 320 2497 dium
340 2449 457 2506 cratem,
474 2449 521 2495 ant
535 2440 737 2512 propugnacula
751 2440 861 2512 uigilum
873 2442 935 2498 trita
950 2449 1042 2512 pecto·
1095 2441 1128 2498 lis
1145 2443 1222 2498 turba
1235 2440 1340 2498 consilii
1355 2486 1362 2509 ‚
1377 2439 1525 2511 maioribus
1538 2454 1646 2517 quoqne
1660 2443 1716 2500 suis
1731 2444 1782 2517 init
1794 2416 1890 2500 fficiu-

243 2533 318 2590 ribos
331 2532 493 2590 conddimus
501 2533 681 2604 opitulatura:
698 2533 757 2590 solo
772 2542 862 2589 tamen
873 2532 1040 2590 insectorum
1094 2542 1279 2605 memnonos
1299 2548 1360 2590 euur
1383 2548 1438 2589 nnn
1461 2533 1592 2605 piguisset
1605 2535 1708 2606 lugere,
1725 2535 1817 2593 redire
1835 2551 1890 2595 nnn

150 2688 153 2699 ,
248 2635 395 2685 teanctore
409 2626 576 2697 rogationum
592 2626 733 2698 palpamur
747 2626 848 2681 auxilio
865 2625 984 2698 :quibus
998 2627 1040 2682 in·
1094 2626 1199 2699 puduit.
1213 2627 1272 2696 Qua
1286 2625 1431 2683 devotione
1444 2626 1565 2697 placatus
1584 2628 1722 2699 inspector
1735 2637 1889 2699 pectorum,

243 2718 377 2777 cboandis
388 2718 633 2791 instituendisqueb
642 2720 973 2792 populustirrornus,otsi
987 2735 1041 2776 non
1093 2719 1174 2787 Deus,
1190 2719 1255 2777 lecit
1267 2735 1328 2777 esse
1343 2718 1554 2776 obsecrationem
1567 2729 1685 2777 vestram
1700 2720 1777 2776 nobis
1787 2720 1887 2790 saluti,

245 2813 345 2871 ellectu
359 2814 428 2885 pari,
452 2812 549 2871 adeciu
563 2820 702 2870 certenon
718 2810 813 2883 impari
827 2811 909 2882 coepit
928 2810 1039 2881 initiari,
1092 2814 1198 2873 cacteris
1219 2813 1380 2881 imitationi,
1400 2814 1522 2885 utrisque
1541 2812 1678 2883 prasidio.
1702 2812 1890 2885 Deniguellliu

191 2918 196 2939 ¹
243 2916 270 2967 at
289 2906 323 2964 ob
347 2906 399 2963 boo
413 2904 585 2964 dacumlusis
596 2905 714 2962 necdum
730 2903 777 2961 dat
790 2912 865 2975 terga
879 2903 1040 2961 terroribus.
1091 2906 1218 2977 deinceps
1233 2922 1286 2963 non
1301 2906 1376 2964 luere
1389 2908 1432 2964 sci
1447 2907 1544 2964 damna
1556 2907 1715 2976 calamitati,
1728 2908 1773 2965 vel
1783 2915 1891 2966 ostenta

242 2994 300 3056 bon
312 2997 384 3056 enim
399 2999 465 3054 latet
482 3006 602 3055 nostram
617 2997 846 3064 sciscitationem,
863 2997 958 3065 primis
973 3004 1040 3051 tem·
1094 2998 1240 3057 formidini.
1256 3000 1321 3069 Quae
1339 3000 1429 3056 omnia
1453 3000 1543 3057 sciens
1557 3001 1672 3072 populns
1686 2999 1738 3057 iste
1751 3000 1890 3058 Viennen-

243 3089 723 3162 poribusharumeesupplicationum
737 3088 934 3154 institutarum,
944 3088 1040 3145 civitas
1092 3092 1167 3149 sibus
1182 3092 1234 3148 tuis
1247 3100 1275 3150 et
1287 3091 1417 3149 accidisse
1430 3093 1515 3164 prius,
1531 3100 1559 3149 et
1574 3108 1627 3148 tum
1639 3093 1787 3149 accessisse
1798 3101 1890 3163 poste·

243 3184 351 3241 acolitus
366 3183 415 3239 tibi
429 3182 531 3240 credita
547 3171 594 3251 pe'r
612 3179 763 3251 cuiusmodi
789 3179 972 3250 prodigiorum
987 3189 1041 3237 ter·
1091 3184 1158 3251 rins,
1180 3183 1293 3255 vestigia
1315 3192 1369 3239 mm
1397 3191 1580 3241 sacrosanctas
1607 3183 1807 3241 informationis
1833 3199 1890 3241 am·

243 3276 419 3335 riouiamenta
432 3273 605 3330 vacuabatur.
620 3272 687 3326 iiam
699 3269 780 3326 modo
789 3277 897 3328 lscarane
911 3271 1039 3328 moenium
1092 3276 1232 3347 plectitor,
1241 3276 1337 3335 sedulo
1349 3285 1454 3347 petens,
1465 3285 1495 3333 nt
1507 3277 1741 3333 conscicntlratuac
1751 3275 1890 3332 beatitudo

243 3368 410 3441 pttbiicorum
434 3365 538 3421 crebris
560 3373 640 3419 terrac
659 3360 777 3419 motibus
796 3362 1038 3433 concutiebantur;
1092 3367 1179 3424 mittat
1190 3368 1340 3425 orationum
1358 3383 1467 3425 suarum
1481 3367 1607 3440 suffragia
1624 3410 1632 3437 ,
1657 3367 1754 3438 quibus
1766 3368 1890 3440 cuempia

244 3473 314 3515 nuno
329 3458 404 3528 ignes
420 3470 493 3527 saepe
505 3452 633 3511 dammati
645 3451 762 3509 caducas
775 3451 924 3510 otrlminunr
941 3453 1038 3512 cristas
1053 3425 1078 3491 (ἶ
1093 3461 1252 3518 transmisit.
1262 3461 1295 3516 Et
1305 3461 1367 3533 quia
1380 3460 1428 3517 tibi
1441 3462 1494 3517 soli
1506 3475 1634 3519 concessa
1645 3464 1697 3528 est,
1709 3459 1890 3532 poatssarorum

244 3549 397 3620 superiecto
419 3545 573 3602 favillatum
599 3550 691 3601 monle
706 3543 887 3612 tumulabant:
901 3559 973 3602 nnnc
985 3556 1039 3602 stn-
1093 3551 1270 3617 memoriam,
1292 3551 1334 3607 rel
1354 3548 1567 3609 comessorem*¹
1587 3551 1758 3608 Ambrosium
1772 3549 1889 3606 duorum

244 3643 330 3715 penda
357 3642 416 3698 loro
438 3639 536 3697 cubilia
556 3637 727 3696 collocabant
750 3638 893 3696 audactum
916 3634 1066 3710 parenda.‘
1092 3652 1240 3717 martyrum
1267 3652 1452 3715 repertorem,
1476 3645 1502 3698 in
1523 3643 1644 3714 partibus
1672 3643 1745 3700 orbis
1760 3641 1888 3723 occidui,

245 3732 421 3792 mansuetudo
441 3744 584 3789 cervorum
606 3747 614 3787 r
637 3745 699 3788 cum
726 3741 753 3787 tu
766 3731 837 3789 inter
851 3731 902 3788 ista
916 3730 1037 3789 discessu
1091 3738 1217 3810 martyris
1230 3745 1243 3776 ⁰
1258 3730 1378 3795 Ferreoli
1403 3736 1491 3793 solida
1506 3736 1666 3804 translatio,
1682 3735 1788 3807 adjecto
1800 3735 1891 3793 nostri

245 3830 392 3899 primorum
412 3825 635 3897 populariumque
654 3832 726 3882 statu
740 3825 816 3882 urbis
836 3825 985 3889 exinanito,
1001 3827 1035 3882 ad
1092 3831 1180 3903 capite
1191 3830 1307 3898 iuliani,
1324 3830 1396 3900 quod
1415 3830 1494 3886 istinc
1507 3828 1661 3887 turbulento
1674 3828 1810 3901 quondam
1825 3842 1890 3900 per·

245 3934 315 3975 noua
328 3919 402 3976 ocler
417 3926 538 3975 veterum
550 3917 726 3974 Ninivitarum
738 3920 871 3989 exempla
886 3918 1040 3989 decurristi,
1093 3926 1211 3983 secutori
1233 3941 1328 3982 manus
1343 3924 1435 3981 retulit
1454 3931 1565 3981 cruenta
1578 3923 1714 3981 carnldcis
1730 3941 1738 3978 r
1752 3937 1807 3980 notr
1820 3921 1890 3992 iulu-

248 4026 284 4069 ne
298 4012 396 4068 divinae
410 4010 589 4069 admonitioni
603 4021 647 4068 tua
663 4026 770 4084 quoquo
780 4011 934 4084 desperatio
949 4014 1043 4070 consi·
1093 4018 1162 4076 atum
1185 4026 1246 4088 est,
1261 4017 1332 4091 qunti
1346 4033 1395 4090 pro
1413 4016 1633 4088 compensatione
1651 4013 1838 4086 deposcimus,
1860 4021 1891 4071 ut

245 4107 371 4165 claretur.
398 4107 433 4164 Et
454 4121 518 4164 vero
544 4107 599 4177 iam
620 4108 655 4163 de
671 4105 730 4163 lieo
756 4114 785 4163 tu
808 4107 921 4163 minime
936 4116 1044 4176 poteras
1096 4112 1173 4167 nobis
1187 4111 1250 4168 indo
1264 4112 1352 4166 tertiat
1370 4124 1434 4181 pars
1453 4109 1594 4181 patrocinii
1609 4151 1616 4176 ,
1631 4110 1693 4181 quia
1715 4106 1795 4181 m
1814 4107 1891 4166 nobit

245 4201 346 4271 absone
357 4207 470 4270 peccam
488 4207 550 4269 post
566 4199 697 4255 virtutum
706 4198 892 4268 experimenta
903 4197 1041 4258 dllddero.
1097 4206 1160 4262 inne
1173 4205 1251 4261 rediit
1265 4220 1327 4276 pars
1339 4205 1454 4275 patroni.
1471 4204 1575 4261 liemon
1587 4203 1673 4259 nostri
1686 4217 1746 4261 esse
1758 4201 1889 4274 dignare,

245 4293 313 4349 liam
328 4306 389 4348 cum
403 4291 461 4347 rice
479 4290 592 4361 quadam
606 4289 701 4346 ciuitas
718 4290 886 4363 conflagrare
905 4294 1043 4363 coepisset,
1095 4299 1204 4357 domine
1215 4313 1292 4371 papa.
1793 4290 1797 4295 “

276 4417 296 4490 ι·
316 4407 450 4490 Episcopo
472 4404 636 4487 Viennensi,
659 4405 693 4459 de
710 4420 764 4473 ouo
780 4419 872 4531 qurra.
894 4406 1040 4490 ilamertus
1096 4413 1184 4469 illiont
1203 4414 1303 4480 quidem
1326 4411 1446 4466 tuborum
1465 4428 1544 4466 sonus
1563 4420 1588 4467 et
1610 4412 1730 4483 strepitos
1748 4417 1889 4465 armornm·

247 4485 330 4539 stram
342 4478 441 4532 drcrtnr
455 4475 490 4531 ab
503 4474 595 4558 tartaro
609 4488 683 4557 ‘papa
697 4480 725 4529 et
739 4474 802 4530 Lucr
824 4492 850 4545 o,
864 4479 953 4539 dario.
975 4478 1042 4534 Gre·
1094 4484 1176 4538 olium
1195 4483 1313 4552 gundum
1332 4482 1455 4552 triumphi
1475 4497 1552 4537 sceno
1569 4483 1694 4537 deterrent
1712 4495 1890 4553 :qumquam

248 4547 323 4617 gorio
337 4546 473 4602 Tutemet
487 4543 784 4613 atostturttamertum
799 4546 954 4613 scribunt,a
965 4548 1040 4606 libris
1095 4570 1125 4611 eu
1137 4569 1188 4610 uox
1205 4564 1305 4608 tenrtrrc
1320 4553 1419 4608 omissa
1435 4561 1476 4610 est
1491 4553 1518 4608 ia
1533 4551 1658 4621 vulgatis.

249 4617 363 4688 antiquus
379 4616 521 4672 discedunt
532 4624 574 4699 .⁰.²
597 4629 612 4669 a
636 4614 711 4670 noeis
730 4615 844 4685 origine.
860 4618 926 4674 Nam
948 4634 962 4675 a
985 4620 1041 4676 lla-
1130 4622 1198 4680 d[le
1213 4624 1334 4695 reliquiis
1350 4622 1397 4680 SS.
1408 4622 1533 4681 'Gerrasii
1557 4632 1586 4680 et
1598 4622 1713 4680 Protasii
1728 4624 1763 4679 ab
1774 4622 1890 4679 timbro-

250 4697 337 4745 nterto
353 4688 499 4743 Mamertus
512 4684 624 4751 drutus,
638 4695 666 4741 ct
679 4702 694 4742 a
709 4684 1037 4772 llamertodlantertinus,
1094 4696 1134 4750 sio
1149 4694 1291 4752 llcdlolani
1306 4701 1430 4778 repertis,
1455 4692 1613 4751 Ambrosius
1631 4696 1695 4779 ⁸ipse
1710 4696 1791 4769 epist.
1815 4693 1849 4749 ld
1861 4702 1890 4748 ct

249 4754 1890 4910 tlltlilitlllldlaliisi‘titillabitnelidit?ilttllttlllllil‘dlltillibi,ill?

215 4914 229 4943 ¹
250 4902 352 4965 mentio
370 4897 440 4956 lacta
456 4907 498 4955 est
511 4898 544 4954 ad
557 4897 636 4968 epist.
662 4901 714 4966 ll,
731 4898 818 4955 libr.
834 4902 909 4960 suut
922 4906 993 4959 eninr
1015 4912 1044 4961 ut
1096 4922 1155 4975 cap.
1171 4911 1216 4964 ll.

216 4978 218 4989 ⁴
250 4985 265 5025 a
298 4980 419 5039 umento,
434 4971 541 5027 sictuta
557 4972 717 5026 narrationis
731 4973 802 5027 serie
815 4974 968 5030 simillimae.
1131 4979 1280 5036 aliermoli
1303 4992 1401 5047 eorpus
1422 4979 1556 5050 integrnrn
1580 4992 1640 5032 cum
1663 4975 1753 5046 capite
1774 4974 1885 5041 iuliani,

224 5040 233 5097 ἶ
314 5042 436 5098 llamerti
461 5040 623 5110 Rogatinncs
638 5054 699 5113 qne
716 5041 822 5099 Domird
846 5048 1040 5102 ascensionem
1094 5050 1165 5119 quod
1177 5052 1212 5106 ab
1227 5051 1355 5105 Arvernis
1364 5049 1495 5105 Viettnarn
1510 5046 1599 5104 irrorat
1608 5048 1730 5113 allatum,
1747 5046 1893 5105 buntiliort

250 5113 422 5179 antecedunt,
438 5110 534 5168 imitati
545 5120 609 5166 sunt
619 5128 672 5169 non
685 5113 772 5170 solum
787 5115 868 5172 vicini
878 5117 970 5200 populi
981 5116 1041 5173 Gal·
1094 5123 1209 5190 primurn
1222 5122 1254 5176 ad
1262 5120 1386 5176 Rhodani
1402 5120 1489 5191 ripam
1505 5114 1875 5175 basilicanondideraotvion

251 5185 303 5249 lim,
316 5191 346 5239 ut
357 5183 402 5241 itio
417 5181 800 5241 iocusostenditetconcilium
810 5186 1037 5256 snnrclrancnsc,
1093 5208 1200 5250 nenses.
1214 5193 1359 5248 llarnertus
1376 5189 1404 5247 io
1418 5189 1577 5259 ampliorem
1592 5189 1734 5246 ecclesiam
1757 5203 1772 5243 a
1787 5202 1817 5243 se
1832 5187 1869 5242 ibi

250 5254 438 5309 verumetiam
459 5259 565 5311 natarat
589 5256 722 5323 nationes,
746 5266 773 5311 at

250 5324 291 5385 po
369 5324 390 5381 L
443 5324 514 5383 ·m
569 5334 596 5382 α
629 5325 675 5380 ,ι
746 5272 827 5383 ιἎῦθ
850 5258 1037 5384 ῑβῦῢ,ῑθηιᾲθῐῐι
1094 5263 1156 5321 deur
1170 5272 1351 5321 constructam
1373 5259 1521 5327 transtulit,
1542 5274 1603 5316 oum
1623 5260 1675 5316 itae
1693 5256 1891 5349 inscriptione:

250 5337 1037 5473 Ιίὺιιέἰῖιωὲιοιὲῗῖιιεε.ἷὲοοοῖἰιιιιίηῗῖωυῦιῦἳὲἓὲιιιᾛὲἐιῗὲι
1151 5374 1344 5429 nannenten
1354 5373 1466 5436 gennesa
1477 5371 1531 5425 brec
1541 5373 1716 5427 mundatam,

250 5473 324 5535 runt,
339 5467 402 5538 guia
416 5466 474 5537 ejus
489 5467 620 5523 institutio
634 5482 650 5524 e
664 5467 760 5540 Gallia,
776 5480 803 5527 et
817 5471 936 5528 litaniam
952 5474 1038 5528 mino
1156 5438 1277 5488 ³⁰¹¹³¹¹¹¹¹¹¹
1287 5434 1660 5500 ⁰²¹)“0a00'i'0‘01‘0ff00h1m-

250 5552 320 5666 ruenti,
343 5548 402 5664 nt}
422 5537 526 5608 majore
546 5536 755 5611 distinguerent,
783 5557 842 5612 quaa
855 5559 892 5599 nn
914 5543 1040 5600 calendas
1092 5545 1155 5628 liaeo
1169 5542 1316 5609 Gregorius
1329 5541 1439 5625 ‘lerant
1457 5540 1528 5598 butro
1549 5558 1658 5627 quoque
1674 5542 1777 5599 Sidonia
1800 5543 1892 5599 ionum

277 5626 302 5722 ὀι
314 5609 488 5754 ᾇῗθΐῗὲἰῖξε
507 5681 644 5766 exteriorf
659 5682 769 5739 ductum
781 5700 805 5768 ‘a
828 5700 907 5742 scena
930 5686 1039 5743 theatri.
1092 5613 1246 5757 ἓῗιῗῧῖιιάηξ
1263 5612 1892 5768 ῗὲἔὲῗιιωὶἓιεγιωὲἐιιιιὲὲιιιίιᾶιιξιῳιὶῑῗᾷρξιαιξὲξ

249 5747 296 5809 Sic
313 5767 422 5836 scenam
445 5765 566 5836 eorporis
588 5752 656 5809 drxrt
674 5753 856 5812 Tertullianus
878 5757 911 5814 de
934 5757 1040 5825 anima;
1092 5754 1246 5813 wilicarius
1261 5756 1456 5812 irortnensmrn
1480 5755 1572 5812 itidem
1596 5758 1756 5827 episeopus,
1781 5752 1893 5824 proprio

249 5832 358 5884 uanam
371 5823 497 5907 triumplu
507 5824 652 5917 Eurnonius
666 5826 694 5882 in
703 5830 863 5899 panegyrico
874 5829 907 5884 de
919 5829 1040 5887 sellulis:
1085 5830 1164 5888 'intra
1175 5827 1268 5887 nrbcm
1279 5828 1377 5901 templo
1390 5826 1496 5898 locavit,
1508 5835 1537 5883 nt
1547 5826 1630 5889 relert
1639 5827 1697 5886 Ado
1707 5844 1735 5887 nt
1744 5823 1893 5886 cerenico.
