4082 6348
170 437 206 498 ab
847 436 889 493 lttt
897 436 973 492 tttctt
993 435 1147 496 sciscunt
1762 422 1796 481 ‘lu

172 549 244 628 qnod
252 555 394 627 adjurante
405 554 517 609 Bomlno
532 560 561 607 ιιι
572 550 809 623 acquircreualeas
824 551 924 623 pariter
936 561 964 608 et
974 553 1001 614 Α
1013 556 1061 611 sed
1082 554 1189 611 Patrem
1202 563 1324 624 uestram,
1343 554 1386 626 qai
1401 553 1428 609 in
1447 552 1516 608 celis
1531 561 1568 607 est
1580 549 1688 623 (llottlr.
1705 566 1732 619 ι,
1748 544 1807 609 llll'

171 646 318 712 custodire,
336 645 507 717 jejunandum
529 652 571 699 est
584 645 693 715 saepius,
712 654 740 701 et
756 657 862 714 semper
879 657 960 700 oran·
1011 645 1095 718 Cuius
1104 656 1145 704 est
1157 655 1185 703 et
1197 646 1325 712 utdetur,
1335 654 1363 703 et
1373 661 1454 702 omne
1465 643 1536 716 quod
1548 644 1638 700 datur.
1652 641 1718 710 Quia
1729 641 1807 712 juxta

170 735 247 804 dum,
270 736 332 807 quia
356 735 439 790 acan
463 733 577 805 paradisi
606 746 635 790 et
662 742 754 790 custos
776 735 915 804 delegatur
933 742 961 790 ιι
1012 740 1171 810 apostolum
1184 756 1191 794 ι
1206 739 1292 796 Omne
1305 736 1397 794 datura
1414 738 1512 793 bonum
1528 753 1543 791 a
1557 750 1665 792 sursum
1680 732 1714 791 de
1728 734 1809 789 Patre

93 902 97 907 ν
171 827 282 885 ιιΙιιιι
302 826 377 900 (Gen.
394 841 425 893 rr,
443 827 500 897 tt),
523 826 628 883 scilicet
648 834 678 882 ut
697 827 810 884 baberet
832 827 959 898 operandi
1013 831 1143 889 luminum
1163 832 1318 899 descendit,
1333 847 1349 887 a
1365 845 1420 903 quo
1438 838 1466 888 et
1485 829 1608 904 voluntas
1627 826 1764 892 tribuitur,
1780 833 1809 883 et

171 924 311 981 materiam
326 922 436 980 libertas
455 922 559 980 arbitrii
576 930 604 978 ιι
628 923 699 994 quod
713 925 866 980 orationum
887 924 959 981 obti·
1012 933 1156 996 praestatur
1168 924 1291 982 ellectus.
1307 922 1373 992 Quia
1385 920 1544 994 poenitentia
1557 936 1611 977 non
1625 919 1734 977 nomine
1746 927 1808 974 tan·

171 1017 273 1071 auisset
295 1013 441 1079 industria,
462 1014 599 1085 parcitatis
621 1012 782 1071 abstinentia
803 1014 959 1071 custodiret.
1013 1025 1068 1073 turn
1086 1015 1243 1085 obtinenda,
1258 1014 1307 1072 sed
1322 1022 1383 1072 actu
1400 1022 1441 1071 est
1451 1012 1632 1085 exsequenda.
1646 1010 1808 1067 Poenitentia

171 1102 226 1161 Sed
247 1103 372 1173 quoniam
398 1103 518 1174 neglexit
539 1104 591 1160 sibi
613 1118 722 1162 semme
742 1104 884 1176 ieiunium,
912 1119 961 1176 per
1012 1122 1066 1163 non
1085 1114 1128 1163 est
1151 1122 1250 1163 nomen
1274 1108 1401 1171 otiosum,
1425 1120 1487 1177 quae
1511 1120 1544 1161 ex
1568 1102 1699 1175 qualitate
1716 1101 1808 1172 operis

170 1192 414 1264 concupiscentiam
431 1193 540 1249 retitaua
555 1193 644 1250 amisit
661 1200 690 1250 et
702 1195 784 1250 ritarn
804 1202 832 1250 et
852 1195 961 1251 immor·
1014 1199 1135 1272 possidet
1151 1199 1286 1256 laboriosa
1299 1197 1470 1255 vocabulum.
1486 1196 1545 1253 lion
1559 1196 1633 1252 enirn
1647 1203 1736 1265 potest
1751 1208 1808 1263 pre⁴

169 1284 309 1341 talitatem.
335 1282 391 1341 Sub
408 1291 422 1321 ⁸
438 1282 597 1341 llierobabel
616 1299 707 1341 muros
726 1286 893 1342 Hierusalem
915 1302 964 1343 rc*
1012 1291 1102 1347 nitens
1123 1289 1188 1356 dicl,
1210 1290 1255 1359 qui
1279 1287 1433 1361 paenitenda
1453 1286 1609 1353 committit,
1630 1283 1678 1341 sed
1699 1284 1744 1340 illc
1762 1284 1809 1353 qni

168 1375 240 1431 rersi
263 1374 296 1429 ad
323 1373 501 1445 capiritatem
531 1376 710 1445 reparabant,
738 1392 799 1433 curn
824 1378 863 1434 eis
888 1389 960 1435 esset
1013 1383 1150 1454 praeterita
1180 1390 1289 1453 peccata
1317 1379 1359 1436 rel
1384 1378 1501 1435 maculas
1528 1376 1678 1434 hnmilitate
1706 1373 1809 1438 cordis,

168 1474 261 1521 contra
280 1464 444 1535 alienigenas
462 1480 510 1536 pro
523 1467 679 1523 eorumdem
700 1483 837 1524 murorum
854 1480 960 1525 restau·
1013 1474 1179 1545 subiectione
1197 1473 1329 1544 corporis,
1355 1471 1486 1527 bonorum
1514 1483 1626 1541 operum
1654 1466 1808 1533 sedulitate,

169 1559 275 1613 ratione
297 1566 444 1624 certamen,
469 1558 649 1628 operabantur
671 1559 775 1631 dextra,
799 1571 829 1618 et
853 1562 961 1618 sinistra
1013 1560 1810 1632 assiduitatcorationum,continuationegemituumpecro-

170 1650 325 1720 pugnabant
346 1649 388 1720 (ll
414 1648 506 1706 lisdroe
519 1667 554 1716 ιι,
568 1651 613 1721 ll)
632 1668 639 1706 ε
659 1650 763 1708 scilicet
780 1661 883 1709 scutum
898 1654 960 1710 lidei
1012 1659 1051 1715 ris
1062 1658 1228 1723 contusione,
1239 1658 1416 1728 lacrymarum
1428 1652 1582 1724 prolusione
1595 1651 1695 1722 detegit
1714 1647 1810 1723 [deter-

128 1788 133 1805 ,
170 1741 236 1797 leva
262 1749 354 1798 contra
378 1742 548 1800 adversarios
574 1743 791 1814 praetendentes,
817 1754 845 1801 et
866 1745 960 1801 dextra
1012 1750 1076 1824 qit];
1090 1761 1117 1806 ut
1128 1751 1213 1822 possit
1231 1748 1322 1806 dicere
1338 1763 1399 1804 curn
1418 1746 1547 1817 propbeta
1570 1763 1577 1799 ι
1602 1743 1641 1799 Νι
1661 1742 1810 1797 messueris

170 1833 301 1888 bonorum
323 1848 433 1903 opernm
456 1844 584 1903 tanquam
607 1834 727 1906 lapidum
750 1836 961 1906 compositorum
1013 1841 1159 1912 iniquitates
1178 1851 1280 1897 nostrus
1296 1842 1415 1908 antiquos
1436 1837 1522 1913 (Paul.
1534 1852 1646 1903 uxarru,
1657 1835 1698 1908 8),
1718 1835 1810 1906 utique

170 1924 270 1981 moenia
284 1933 480 1992 construentes,
492 1925 539 1982 sed
559 1934 587 1982 et
601 1925 652 1996 ipsi
671 1926 722 1982 riri
735 1926 781 1998 qui
794 1926 962 1984 aedificabant
976 1930 1001 1993 B
1013 1948 1066 1989 non
1088 1933 1270 2003 quotidianas.
1294 1932 1327 1988 Bt
1341 1930 1405 1986 illud
1421 1948 1429 1986 ε
1445 1929 1572 1985 bubcruui
1590 1930 1618 1984 in
1631 1928 1726 1999 qenrits
1741 1942 1809 1994 areo,

171 2031 231 2073 curn
243 2016 381 2087 propinetis
391 2017 457 2086 suis,
471 2032 553 2089 snper
563 2017 668 2074 lumbos
680 2019 760 2076 cincti
772 2018 962 2091 operabantur,
1015 2024 1105 2080 loscio
1117 2041 1162 2095 per
1174 2024 1290 2096 sinqulos
1310 2033 1395 2077 noctes
1408 2020 1500 2076 leetmn
1513 2035 1597 2074 meum
1616 2017 1703 2090 (Psoi.
1717 2033 1754 2085 rr,
1768 2017 1810 2088 7).

170 2108 241 2179 quod
252 2115 280 2163 el
290 2107 418 2164 Dominus
430 2108 457 2165 in
468 2108 613 2181 Evangelio
626 2110 772 2167 observare
784 2126 833 2169 nos
844 2112 963 2184 praecipit
1015 2114 1049 2170 Ει
1065 2132 1072 2170 :
1088 2116 1221 2186 boerqmis
1237 2115 1299 2170 meis
1320 2123 1426 2169 stratum
1441 2126 1524 2168 rneurn
1545 2110 1635 2182 riqobc
1649 2107 1757 2182 (ibid).
1777 2109 1811 2167 El

170 2201 263 2256 dicens
277 2216 286 2256 t
302 2200 362 2258 Sint
374 2201 455 2256 lumbi
466 2203 543 2257 uestri
554 2204 695 2273 precincti,
709 2212 734 2260 et
749 2203 862 2260 lucerne
875 2215 964 2283 aestro
1015 2207 1110 2262 iterum
1127 2223 1135 2262 ι
1149 2205 1287 2277 liuqiebont
1302 2206 1425 2279 oqemitu
1439 2203 1524 2258 cordia
1538 2202 1587 2258 mei
1604 2199 1689 2271 (Paul.
1702 2213 1811 2266 xaxrtr,

171 2293 496 2366 ιιιιιιιιι(1.ιι.ιιι,55)
514 2297 694 2367 :precinctus
708 2304 751 2354 est
765 2298 872 2366 lumbis,
886 2299 963 2367 cuins
1014 2300 1055 2371 9).
1076 2299 1111 2354 Et
1131 2299 1226 2354 iterum
1243 2314 1254 2353 .·
1270 2297 1398 2365 Quoniam
1424 2295 1570 2366 iniquitates
1590 2309 1660 2347 rnecr
1680 2308 1727 2363 eqo
1750 2308 1812 2363 pro·

171 2400 234 2440 caro
248 2383 363 2442 ιιιιίιιιί
382 2386 489 2455 militat,
503 2398 531 2444 et
544 2401 598 2443 non
618 2388 738 2456 libidini;
761 2398 788 2447 et
802 2404 878 2446 mens
893 2391 963 2446 illius
1015 2392 1106 2446 nuntio
1120 2402 1144 2445 et
1158 2391 1275 2462 roqitobo
1295 2405 1341 2460 pro
1365 2398 1467 2461 peccato
1486 2403 1541 2442 meo
1554 2383 1650 2457 (ibid,
1666 2383 1723 2455 lb).
1749 2383 1813 2442 Sint

171 2486 296 2547 tanquam
315 2470 413 2535 ardeus
436 2479 546 2535 lucerna
562 2480 712 2553 praeiulgot,
727 2497 806 2554 quam
823 2484 964 2554 praeceptis
1015 2483 1077 2538 idco
1091 2482 1135 2539 lric
1153 2481 1264 2539 crimina
1284 2490 1375 2536 nocua
1394 2486 1457 2535 ante
1472 2492 1531 2546 nos,
1552 2485 1579 2533 et
1592 2484 1686 2532 contra
1706 2489 1766 2543 nos,
1781 2485 1813 2532 ur

171 2569 227 2623 suis
245 2567 367 2626 cbristus
388 2570 521 2629 accendit,
540 2572 608 2641 Quia
627 2578 686 2629 baec
704 2575 794 2630 omnia
816 2575 963 2631 secundum
1016 2576 1042 2629 in
1055 2575 1100 2630 dic
1120 2574 1214 2645 judicii
1231 2587 1291 2629 esse
1315 2587 1369 2627 non
1392 2570 1506 2643 possint,
1529 2576 1557 2624 ct
1580 2566 1645 2623 illud
1665 2566 1746 2623 etiam
1768 2565 1813 2622 bic

171 2662 329 2732 Apostolum
351 2663 377 2717 in
393 2663 477 2734 llgura
492 2666 575 2721 nostri
598 2664 667 2721 iacta
679 2676 743 2722 sunt
760 2664 787 2740 (l
802 2666 862 2722 Gor.
879 2683 905 2731 ι,
923 2667 962 2738 ι);
1014 2665 1095 2737 positi
1109 2680 1170 2721 cum
1185 2664 1280 2721 tiducia
1294 2663 1383 2719 dicere
1398 2675 1549 2718 mereamur
1563 2677 1569 2714 :
1584 2657 1712 2713 ilelicturn
1725 2672 1813 2710 meum

172 2752 243 2809 scire
266 2767 315 2809 nus
336 2756 479 2822 convenit,
506 2756 578 2827 quud
601 2755 717 2829 quandiu
744 2759 835 2815 sacculi
861 2759 964 2815 aclibus
1016 2775 1063 2830 eqo
1084 2772 1220 2829 coqnorco,
1241 2766 1266 2811 et
1288 2756 1430 2824 iniustitias
1453 2770 1522 2809 meos
1546 2769 1597 2808 non
1619 2752 1707 2825 cpmur'
1722 2747 1812 2821 (Paul.

172 2843 269 2899 luimus
294 2847 425 2916 occupati,
444 2854 568 2919 tanquam
584 2846 737 2920 Babyloniis
750 2858 778 2905 et
792 2849 847 2921 regi
868 2865 961 2906 eornm
1015 2865 1091 2917 xxm,
1103 2847 1143 2919 5).
1166 2847 1237 2915 bisi,
1258 2846 1438 2919 pronuntiabo
1455 2845 1584 2901 adversus
1600 2857 1644 2900 ιιι
1662 2849 1690 2898 ιι
1703 2840 1815 2913 injusti·

172 2936 270 3007 captivi
284 2952 299 2992 a
313 2938 405 2994 iudea
419 2939 542 3010 producti
557 2939 584 2996 in
599 2939 715 2998 bostium
731 2942 840 3013 regione
854 2943 964 3000 serviri·
1017 2944 1067 2998 tias
1080 2955 1153 2998 meas
1168 2940 1294 3010 Bomino,
1308 2951 1336 2997 et
1351 2949 1380 2997 tu
1392 2938 1519 2996 remisisti
1543 2937 1707 3009 impletatem
1721 2934 1814 2992 cordis

172 3041 242 3094 mus,
256 3029 327 3085 unde
341 3045 389 3100 per
400 3031 585 3101 penitentiam
603 3031 636 3088 ad
654 3034 779 3105 patriam,
799 3033 849 3090 lroc
864 3043 915 3102 est,
931 3035 963 3090 ad
1015 3034 1080 3092 moi.
1102 3034 1212 3091 Certum
1234 3045 1277 3091 est
1301 3033 1372 3105 quod
1397 3034 1423 3089 in
1448 3041 1577 3104 quantuni
1608 3030 1657 3087 tlbi
1675 3030 1710 3087 de
1728 3027 1814 3101 priori

171 3118 308 3175 coelestem
323 3119 489 3178 Hierusalem
509 3132 621 3180 arabena
644 3123 763 3181 omnium
781 3124 899 3182 bdelium
919 3141 964 3182 re·
1015 3129 1221 3187 conuersatione
1242 3126 1420 3198 displicueris,
1447 3126 1474 3181 in
1498 3133 1602 3182 taratrum
1619 3122 1732 3180 Bomino
1754 3121 1814 3194 pls·

172 3220 317 3278 rertentes,
331 3213 460 3269 debemus
478 3217 552 3270 omni
575 3216 704 3272 virtutum
721 3232 822 3290 genere
839 3232 965 3288 reparare
1015 3221 1103 3293 cebis,
1119 3229 1147 3278 et
1162 3221 1189 3276 irr
1210 3230 1340 3292 quantum
1363 3218 1410 3276 tibi
1432 3217 1576 3289 placueris,
1599 3216 1638 3273 illl
1658 3215 1717 3272 sine
1730 3212 1815 3270 dublo

172 3300 302 3373 collapsa,
322 3303 425 3361 sarcire
446 3304 569 3375 discissa,
590 3306 682 3365 delere
701 3309 848 3379 praeterita,
868 3325 963 3366 carere
979 3308 1002 3374 C
1016 3312 1184 3384 displicebis,
1197 3312 1242 3381 qui
1255 3312 1322 3368 dicit
1337 3310 1491 3380 :Quoniam
1510 3308 1625 3379 dissipat
1641 3321 1702 3363 ossa
1723 3305 1814 3363 borri-

173 3393 327 3465 praesentia,
343 3409 437 3465 parare
450 3406 577 3464 rentura3
598 3408 627 3455 ιι
641 3415 690 3472 per
703 3399 894 3473 benignitatem
914 3401 966 3459 Bo-
1018 3419 1081 3459 nuna
1096 3403 1147 3460 sibi
1158 3401 1320 3475 placentium
1332 3398 1421 3478 (Psoi.
1434 3417 1495 3468 cru,
1506 3400 1546 3472 7).
1562 3401 1595 3457 Bt
1608 3399 1669 3456 ideo
1683 3407 1810 3468 tanqrtam

173 3484 239 3541 mini
251 3501 268 3542 a
281 3486 393 3557 pristina
406 3496 578 3559 peccatorum
594 3493 748 3563 captivitate
761 3493 894 3562 distracti,
912 3512 966 3552 non
1017 3495 1181 3553 severissimi
1203 3509 1330 3551 censores
1352 3492 1445 3564 cuipas
1468 3501 1574 3549 nostras
1594 3490 1621 3548 in
1641 3490 1754 3560 nosipsi
1768 3487 1814 3544 di·

173 3575 380 3649 Babyloniorum
407 3578 478 3651 regi,
507 3582 555 3638 sed
570 3583 636 3653 Begi
659 3584 791 3640 coelorum
811 3582 919 3642 cbristo
939 3587 966 3642 in
1017 3588 1137 3643 strictius
1152 3585 1330 3651 vindicemus,
1345 3594 1374 3642 et
1387 3585 1437 3656 ipsi
1453 3584 1531 3641 nobis
1546 3599 1594 3656 per
1608 3582 1731 3639 diversos
1750 3594 1813 3636 cor·

173 3668 354 3739 liierusalem,
367 3684 479 3742 qusque
493 3674 694 3746 congregationi
714 3685 867 3732 sanctorum
883 3677 967 3734 aedill-
1017 3678 1091 3751 poris
1112 3679 1247 3735 cruciatus
1267 3686 1381 3735 tortores
1396 3674 1596 3750 quodammodo
1615 3675 1762 3732 existamus
1784 3680 1814 3729 et

174 3767 250 3817 catur
263 3761 369 3829 civitas,
389 3764 551 3822 serviamus.
574 3766 608 3823 Bt
621 3766 721 3824 idcirco
736 3768 831 3825 laciem
846 3778 965 3825 nostram
1015 3772 1137 3843 judices3
1158 3777 1186 3829 et
1199 3770 1226 3828 in
1244 3770 1291 3827 illo
1303 3770 1382 3841 justa
1402 3768 1608 3826 examinationis
1622 3776 1743 3840 tempore
1756 3780 1813 3823 non

174 3850 314 3923 debemus,
332 3855 416 3927 magis
437 3854 562 3928 iacrymis
581 3857 681 3930 rigare,
696 3872 776 3930 qnam
796 3859 921 3926 laracris,
938 3868 967 3916 ιιι
1018 3865 1116 3921 babeat
1135 3865 1164 3921 in
1185 3865 1327 3936 nosilegis
1349 3865 1492 3931 sententia,
1516 3864 1587 3932 quod
1610 3863 1729 3928 damnet,
1743 3874 1813 3931 quos

174 3942 264 4000 dicere
283 3959 344 4001 cum
368 3946 496 4017 propbeta
521 3949 675 4018 possimus:
692 3948 760 4016 Quin
779 3950 889 4006 onerem
901 3951 967 4005 sicut
1015 3955 1070 4025 jam
1093 3954 1137 4012 iric
1159 3954 1342 4025 castigationis
1357 3955 1417 4011 vitm
1437 3953 1577 4024 disciplina
1599 3953 1727 4021 correxit,
1748 3948 1812 4022 quia

175 4051 268 4107 punem
280 4037 475 4107 nronducabum,
488 4049 512 4095 et
525 4051 614 4114 putam
627 4058 712 4098 mcum
726 4060 783 4099 cum
800 4046 864 4116 (ictu
877 4044 967 4100 misce·
1014 4047 1103 4119 justus
1117 4056 1146 4105 ct
1158 4044 1310 4104 misericors
1321 4047 1403 4118 judex
1416 4047 1456 4103 bis
1467 4060 1521 4101 non
1531 4042 1634 4115 judicat
1644 4044 1671 4101 in
1683 4043 1811 4114 idipsum.

174 4129 233 4184 bers
247 4128 332 4203 (Paci.
345 4133 449 4206 anili).
474 4134 606 4193 debenus
627 4152 726 4207 corpus
747 4147 868 4193 nostrum
889 4137 967 4194 inde·
1018 4140 1069 4196 boc
1090 4148 1141 4205 est,
1165 4139 1191 4196 ei
1207 4154 1238 4196 se
1259 4138 1370 4196 exbibet
1389 4138 1492 4204 mitem,
1515 4150 1594 4207 quern
1619 4133 1813 4192 invencrit'lric

175 4222 254 4279 iussis
269 4225 364 4294 sigiliis
375 4234 403 4281 et
415 4228 549 4284 continuis
561 4231 687 4287 edomare
698 4231 818 4301 jeiuniis,
833 4241 862 4287 ut
873 4247 966 4288 rorum
1018 4246 1078 4287 esse
1104 4247 1161 4302 pra
1186 4242 1355 4302 peccatorum
1386 4230 1569 4288 satisfactione
1596 4228 1747 4295 crudelem,
1774 4226 1813 4282 illi

176 4325 332 4372 exercentes
352 4317 423 4374 inter
442 4319 557 4377 animam
575 4337 738 4394 carnemque
755 4323 897 4392 indicium,
913 4341 966 4380 rron
1018 4319 1174 4390 benignum,
1196 4336 1275 4392 quem
1299 4322 1325 4377 in
1346 4321 1397 4379 hac
1413 4321 1467 4378 rita
1486 4320 1642 4391 cognoverit
1658 4318 1708 4374 sibi
1728 4317 1812 4373 luisse

175 4419 239 4461 caro
258 4405 410 4467 dominetur
428 4409 546 4479 spiritui,
564 4413 612 4468 sed
630 4413 735 4485 spiritui
755 4428 818 4471 caro
833 4415 902 4472 ricta
921 4415 968 4472 de·
1019 4412 1185 4479 districtum;
1200 4412 1348 4469 secundum
1364 4411 1625 4483 illudevangelicum
1641 4428 1648 4464 r
1664 4407 1813 4480 Quiperdi·

176 4500 289 4557 seruiat.
311 4500 395 4572 Cujus
418 4504 456 4559 rei
482 4505 634 4577 exemplum
657 4498 736 4562 nobis
747 4506 888 4575 Dominus,
903 4509 968 4565 dum
1021 4503 1088 4558 derit
1099 4503 1212 4558 culmem
1223 4515 1327 4575 propter
1338 4520 1388 4572 ate,
1402 4504 1512 4559 inueniet
1525 4517 1581 4557 earn
1592 4499 1700 4572 (bottis.
1713 4516 1740 4565 x,
1751 4498 1812 4570 58).

176 4606 224 4664 per
236 4592 361 4664 angelum
375 4594 409 4650 ad
422 4594 494 4667 Agar
505 4597 581 4654 Sarae
594 4599 717 4656 ancillam
739 4599 865 4671 toqutrnr,
881 4600 966 4670 dedit,
1020 4593 1070 4651 Vel
1084 4594 1147 4650 illud
1166 4613 1172 4648 :
1187 4592 1262 4650 ilenti
1275 4597 1319 4666 qui
1334 4611 1401 4650 nune
1413 4593 1514 4667 lnqctis,
1528 4594 1589 4665 quia
1603 4592 1718 4647 ridebitis
1734 4589 1811 4663 (buc.

177 4700 239 4756 quae
249 4685 385 4743 dominam
399 4703 474 4743 suam
484 4688 611 4747 descmrs
624 4691 756 4748 maluerat
767 4704 847 4763 quam
862 4692 966 4762 andire,
981 4682 1057 4752 uri,
1070 4684 1129 4757 bl).
1151 4685 1238 4743 Breve
1262 4696 1304 4742 cst
1325 4685 1399 4743 eninr
1418 4699 1499 4741 omne
1514 4683 1585 4756 quod
1604 4684 1631 4739 in
1647 4682 1699 4739 lroc
1712 4680 1813 4737 arundo

177 4777 270 4834 disens
288 4778 314 4835 ei
335 4793 344 4834 ι
362 4779 507 4838 iletcrtero
525 4790 553 4838 et
573 4792 632 4839 esto
651 4782 755 4840 subdita
777 4784 894 4841 dominae
915 4794 968 4842 rnre
1021 4781 1118 4852 agitur,
1134 4781 1190 4837 sire
1207 4780 1318 4847 bonnm,
1332 4780 1390 4836 sire
1409 4778 1519 4843 malum,
1532 4779 1603 4834 sicut
1620 4774 1813 4846 experimentis

178 4868 255 4942 (Gen.
270 4886 324 4941 rur,
338 4872 378 4943 9).
405 4873 441 4930 iit
464 4872 507 4930 bis
534 4874 668 4931 lahorlhns
695 4874 819 4932 omnibus
843 4885 870 4932 ec
892 4877 970 4933 ponis
1022 4870 1151 4927 Bominns
1172 4882 1217 4926 aut
1242 4870 1367 4942 promisit
1390 4877 1437 4927 aut
1458 4869 1542 4925 uoluit
1564 4869 1618 4939 jam
1636 4865 1755 4939 probari.
1780 4866 1813 4919 Bt

176 4963 303 5033 operibus
324 4964 414 5022 dedita
437 4964 524 5036 possis
546 4979 607 5022 esse
629 4975 657 5022 ct
680 4966 884 5023 conversatione
907 4981 969 5037 per·
1021 4962 1120 5019 idcirco
1148 4962 1182 5018 ad
1214 4961 1387 5019 sustinendas
1408 4976 1457 5031 pro
1480 4960 1528 5016 Bci
1553 4973 1646 5015 amore
1672 4969 1813 5027 pressurus

178 5053 258 5120 lecta,
278 5062 306 5111 et
325 5056 494 5112 contorsione
514 5056 622 5125 deuota,
640 5068 668 5113 et
688 5058 715 5113 in
734 5072 818 5128 regno
835 5059 916 5128 patris
932 5057 970 5113 tui
1020 5062 1175 5110 constantes
1194 5066 1254 5109 esse
1272 5051 1413 5108 debemus.
1433 5051 1500 5118 Quia
1514 5050 1536 5106 si
1555 5048 1590 5105 ad
1605 5062 1746 5119 uesperum
1764 5045 1813 5101 de·

178 5147 250 5204 iliius
259 5149 293 5206 de
303 5163 357 5220 quo
367 5149 495 5206 Dominus
508 5149 536 5205 in
547 5149 691 5221 Brangelio
702 5150 768 5206 dicit
781 5168 787 5203 :
799 5150 888 5206 Nolite
900 5152 970 5206 robis
1020 5146 1169 5204 morabitur
1181 5146 1269 5210 lictus,
1280 5144 1352 5200 etad
1366 5143 1524 5198 matutinum
1537 5140 1629 5197 latitia
1641 5140 1813 5211 subsequitur

177 5249 373 5313 cocerepctrem
385 5257 460 5313 super
474 5249 579 5308 terrum,
595 5256 661 5296 unas
675 5242 741 5296 enirn
755 5251 792 5297 cst
806 5251 970 5312 paternoster
1021 5237 1197 5313 (Ponitur,
1216 5237 1256 5308 b).
1285 5238 1377 5307 ltaque
1393 5249 1465 5292 nunc
1487 5250 1610 5317 seramus
1629 5236 1656 5290 in
1674 5233 1810 5306 lacrymis,

180 5330 287 5404 (lluttlr.
298 5347 373 5399 sarar,
389 5331 429 5403 9);
443 5331 588 5388 secundum
602 5346 699 5387 nonren
716 5340 789 5387 tuum
802 5332 829 5387 iu
842 5330 885 5388 illa
902 5334 967 5387 bea·
1020 5331 1092 5404 quod
1105 5319 1175 5387 'tunc
1188 5340 1320 5387 metemus
1339 5331 1366 5386 in
1383 5344 1434 5399 gau
1445 5328 1487 5383 liis
1499 5327 1585 5401 (Psoi.
1600 5343 1680 5396 cxxv,
1694 5328 1733 5399 6).
1749 5326 1813 5383 Bne

180 5433 267 5480 torum
291 5422 367 5480 turba
388 5436 451 5478 rura
473 5422 614 5493 splendere
628 5420 770 5490 Ceraunia,
792 5432 819 5479 ct
842 5423 966 5480 vocabuli
1021 5438 1106 5495 pauca
1122 5423 1155 5478 ad
1168 5421 1370 5478 confortandam
1386 5421 1465 5477 tidem
1480 5427 1596 5476 nestram
1612 5436 1661 5492 pro
1680 5418 1809 5476 exhorta-

179 5517 216 5573 tui
241 5525 334 5572 auctor
352 5516 468 5571 existere
488 5532 496 5570 a
518 5514 552 5571 de
565 5528 618 5584 quo
630 5513 775 5586 splendore
788 5529 898 5586 operum
914 5515 968 5571 ilo·
1020 5516 1102 5572 tionis
1126 5516 1221 5571 solatio
1243 5514 1313 5571 dicta
1337 5514 1483 5581 intactum,
1507 5512 1653 5585 quaelicet
1676 5512 1734 5582 ipso
1757 5526 1811 5567 non

179 5609 268 5665 minus
286 5608 372 5665 dicit:
386 5605 433 5663 Sic
447 5607 530 5661 lucent
548 5606 594 5661 lus
610 5616 692 5660 aestro
710 5622 796 5660 corum
810 5604 965 5675 bonrinibur,
1019 5607 1126 5677 larium,
1147 5619 1236 5664 tamen
1247 5617 1278 5663 ιι
1291 5617 1318 5662 ιι
1331 5621 1380 5663 ros
1397 5605 1481 5678 agatis
1500 5606 1638 5662 exbortor.
1662 5602 1725 5663 Scio
1738 5603 1811 5660 eninr

178 5699 321 5755 irrideam
335 5697 631 5773 quesanctorum
645 5698 819 5770 neqniptcent,
834 5715 889 5757 non
908 5714 966 5769 ros,
1019 5698 1202 5759 esltortationl
1217 5699 1331 5771 positam
1345 5712 1407 5757 esse
1422 5695 1591 5766 mercedem
1606 5696 1668 5769 qula
1681 5695 1811 5768 legimus:

223 5889 237 5919 ⁸
249 5876 400 5939 innatet.
