4090 6348
180 322 235 382 aar
721 299 725 307 ’
820 316 1189 378 maronitanensi.
1752 325 1807 388 agg

63 413 78 445 ι
179 442 272 508 Μ,
283 432 404 505 Namque
420 430 581 505 qchnnque
594 429 716 488 cumulus
730 429 832 488 accedit
845 431 968 491 laudibus
981 442 1009 497 Α
1019 432 1123 489 cinctus
1136 431 1256 488 custodia
1270 447 1349 503 quam
1370 441 1502 506 potestate
1518 435 1681 507 discinctus,
1697 434 1813 512 captus,

152 508 363 598 imperatoris,
377 525 449 597 qnod
463 540 554 580 amare
567 524 655 596 palam
670 524 734 580 licet
754 525 882 597 etcapitc
896 525 972 581 dan·
1023 524 1224 594 destinatusque
1260 526 1382 594 pervenit
1413 527 1525 585 Romam
1550 546 1558 585 t
1586 530 1658 588 illico
1684 541 1806 605 tumens,

180 626 271 676 mm,
284 617 395 674 qmqgu,
408 614 510 672 pomini
525 616 574 685 tui,
589 629 668 685 snpra
691 630 770 688 quam
785 632 889 673 morum
912 617 972 689 ejus
1022 616 1093 688 quod
1126 630 1255 687 prospero
1289 631 1368 673 curso
1397 619 1575 689 procellosum
1605 623 1710 681 Tusciae
1732 609 1849 684 littus*

178 707 295 766 pepp„
325 708 495 777 parmasque
528 706 708 777 patiebantur.
742 706 867 764 Testatur
899 707 969 781 boc,
1022 706 1210 777 enavigasset,
1246 714 1372 778 tanquam
1414 709 1466 767 sibi
1502 712 1570 769 benc
1604 717 1713 773 conscio
1749 718 1807 789 ipsa

180 799 393 872 propteripaum
408 796 473 853 mibi
488 810 573 868 nuper
587 796 686 853 insidia
701 797 826 864 conbata,
841 797 917 868 cujus
928 813 971 854 me
1022 797 1220 869 quodammodo
1243 800 1378 857 elementa
1400 801 1599 860 famularentur.
1625 806 1654 863 ln
1677 807 1808 880 Capitolio

180 889 262 962 paulo
284 888 457 944 incautiorem
481 885 588 941 flamma
611 886 752 943 detorruit.
776 887 829 945 Sed
851 889 922 958 quod
943 889 969 944 ln
1021 889 1221 947 custodiebatur
1243 890 1278 946 ab
1299 890 1431 963 bospite·
1453 894 1545 952 Flavio
1568 899 1677 964 Asello,
1709 903 1807 959 comite

180 980 299 1037 amicitia
317 980 391 1045 steti,
406 977 473 1034 mibi
495 977 585 1034 debui.
609 978 693 1035 Porro
713 987 803 1036 autem
826 978 852 1034 in
878 988 969 1035 natura
1021 994 1158 1035 sacrarum
1174 980 1355 1052 largitionum,
1369 983 1413 1053 qui
1428 982 1515 1040 adbuc
1537 988 1564 1042 in
1583 1003 1615 1045 eo
1631 991 1807 1049 semiiuman-

181 1071 228 1128 ille
240 1086 293 1126 non
308 1070 400 1137 babuit
409 1068 575 1140 diligentiam
589 1069 796 1141 perseverandi:
808 1069 891 1126 libere
903 1085 969 1141 que·

180 1177 237 1231 ror,
254 1178 307 1219 non
331 1161 501 1218 insultatorie
514 1179 522 1216 a
535 1161 596 1231 quia
612 1160 730 1217 bdelium
750 1160 861 1217 consilia
879 1161 970 1235 despi-

181 1253 266 1321 ciens,
290 1247 405 1310 iortunm
425 1251 567 1309 ludibrium
590 1251 741 1323 peremnia
756 1251 806 1308 luit
825 1269 832 1305 :
853 1252 970 1322 denique

181 1359 235 1401 aon
249 1358 312 1400 eum
325 1340 468 1414 aliquando
488 1341 628 1406 cecidisse,
652 1342 699 1399 sed
722 1350 776 1398 mm
798 1342 843 1398 diu
861 1343 970 1399 stetisse

181 1435 242 1506 plna
265 1435 359 1491 miror.
377 1431 517 1505 0quoties
530 1447 602 1503 sape
620 1433 676 1504 ipse
690 1447 721 1490 se
734 1433 845 1491 adversa
859 1427 970 1506 perpes-

181 1541 240 1584 sum
253 1526 433 1598 gloriabatur!
454 1538 515 1580 eum
531 1534 619 1581 tamen
632 1539 682 1581 uos
701 1525 736 1580 ab
748 1523 844 1581 ellectu
859 1525 969 1596 prolun-

180 1618 258 1676 diore
272 1618 401 1673 mituram
415 1615 473 1686 eius
486 1614 647 1687 quandoque
659 1616 834 1672 temeritatem
854 1616 967 1673 misera·

179 1727 281 1779 remur,
295 1709 452 1768 delinientcs
461 1724 514 1765 non
525 1723 586 1766 esse
597 1708 713 1776 laticem,
724 1708 770 1780 qui
784 1708 834 1765 boe
844 1708 967 1779 irequen-

1021 1070 1075 1126 te'm
1096 1071 1261 1140 proiectura
1273 1086 1358 1142 nuper
1368 1079 1479 1130 extortae
1490 1075 1642 1146 dignitatem
1658 1084 1808 1140 reiteraba-

1020 1168 1074 1216 tur.
1091 1162 1192 1217 lnterea
1208 1162 1288 1230 legati
1300 1162 1442 1232 prorinclae
1448 1164 1541 1222 Galliae
1555 1168 1701 1237 Tonantius
1714 1172 1729 1213 b
1741 1174 1806 1231 Fer·

1020 1252 1114 1308 reolus
1127 1252 1322 1323 praefectorius,
1338 1263 1350 1293 ι
1367 1253 1467 1312 strand
1477 1255 1582 1328 Syagrii
1595 1261 1711 1319 consulis
1723 1266 1738 1319 'e
1753 1264 1807 1323 fllia

1021 1358 1118 1415 nepos,
1133 1341 1147 1382 i
1161 1344 1339 1401 Thaumastus
1351 1356 1494 1418 quoquest
1517 1349 1670 1421 Petronius,
1691 1356 1807 1413 maxima

1020 1448 1112 1490 rerum
1128 1435 1327 1507 verborumque
1341 1437 1453 1523 scientia
1470 1440 1586 1511 praediti,
1608 1452 1636 1500 et
1650 1444 1719 1501 iuter
1733 1449 1807 1517 prin·

1020 1525 1115 1597 cipalia
1132 1525 1223 1595 patrie
1249 1536 1348 1583 nostrae
1360 1526 1457 1585 decora
1473 1532 1600 1601 ponendi,
1614 1536 1743 1606 praetium
1755 1537 1807 1593 br-

1018 1619 1134 1674 raudum
1151 1618 1257 1688 publico
1271 1619 1381 1677 nominc
1393 1624 1543 1679 accusaturi
1560 1635 1572 1665 ⁸
1593 1642 1654 1684 cum
1668 1635 1807 1704 gaaisdg.

1019 1712 1163 1767 cretalibus
1183 1710 1368 1782 insequuntur.
1392 1713 1443 1781 Qui
1464 1715 1534 1773 inter
1556 1726 1728 1795 caeteraque
1755 1727 1807 1784 albi

123 1808 126 1812 ’
180 1813 221 1860 ter
245 1803 334 1874 potius
356 1815 435 1867 esse,
462 1815 541 1871 quam
568 1814 675 1872 semper
700 1799 877 1870 judicaretur.
914 1799 968 1856 Sed
982 1800 1197 1872 ssprouineiales
1208 1801 1311 1873 agenda
1323 1803 1693 1882 mandaverant,interceptas
1704 1815 1807 1874 litteras

180 1893 384 1968 gubernationis
401 1908 458 1950 suto
472 1893 594 1950 ordinem
608 1893 741 1963 exposcis.
759 1891 838 1948 Salva
851 1891 914 1949 lidei
928 1907 968 1949 re
1021 1891 1188 1962 deferebant,
1204 1908 1270 1964 quas
1281 1894 1397 1951 Arvandi
1415 1897 1650 1973 acribacorreptus
1668 1905 1806 1966 dominum

98 1983 104 1994 '
179 1988 299 2045 retentu
326 2001 386 2056 qum
416 1986 503 2042 amico
531 1986 611 2041 ctiam
641 1983 741 2041 aldion
764 1983 887 2049 debetur,
903 1998 967 2039 -renr
1021 1983 1136 2041 dictasse
1163 1984 1345 2054 prolitebatur.
1370 1986 1433 2044 limo
1458 1989 1491 2045 ad
1512 1987 1523 2028 ¹
1543 2007 1633 2064 regem
1657 1996 1806 2058 Gotbororu

179 2079 298 2137 breuiter
311 2092 454 2149 capenam.
477 2076 666 2134 Prmlccturam
686 2076 798 2147 primam
811 2077 968 2147 gubernavit
1020 2074 1111 2130 cbarta
1126 2074 1266 2130 videbatur
1279 2075 1376 2141 emitti,
1392 2092 1558 2146 pacemcum
1579 2084 1673 2143 Graeco
1693 2088 1807 2160 inpera-

179 2191 240 2232 eam
268 2187 363 2244 magua
390 2171 589 2243 popularitate,
615 2180 878 2241 consequentemque
906 2183 966 2224 cum
1020 2173 1079 2222 tore
1091 2165 1260 2235 dissuadens,
1277 2167 1444 2224 silnitannos
1457 2184 1539 2242 super
1551 2173 1747 2244 Ligerim-sitos
1759 2183 1808 2240 im·

179 2266 295 2325 mim,
318 2264 500 2336 populumne,
525 2263 629 2320 pariter
652 2278 734 2319 onere
755 2261 898 2333 depressus
916 2262 968 2336 10
1019 2256 1133 2327 pugnari
1147 2265 1273 2328 oportere
1287 2255 1514 2328 demonstrans,h
1535 2279 1595 2321 eum
1610 2266 1806 2343 Burgundioni·

182 2359 243 2415 aris
257 2357 349 2422 alieni,
365 2363 438 2412 metu
453 2355 615 2412 creditorum
630 2369 803 2412 successuros
824 2355 877 2411 sibl
896 2356 967 2426 opti·
1018 2345 1069 2401 bus
1077 2346 1138 2417 iure
1151 2346 1268 2416 gentium
1280 2347 1379 2403 Gallias
1389 2349 1470 2407 dividi
1486 2351 1584 2411 debere
1594 2360 1767 2430 corrdrmans.
1778 2376 1806 2423 et

179 2458 265 2505 nates
303 2445 488 2503 emulabatur.
531 2444 656 2502 Omtaium
687 2445 818 2515 colloquia
859 2445 966 2514 ridere,
1018 2441 1046 2496 ln
1071 2441 1143 2497 luunc
1166 2441 1373 2498 ieruuemodutu
1397 2445 1511 2515 plurima
1536 2449 1640 2520 insana,
1655 2471 1714 2526 qum
1729 2459 1805 2515 iram

178 2541 291 2600 consilia
304 2539 409 2609 rimari,
429 2538 517 2597 oilicla
539 2545 724 2605 contemnere,
739 2538 794 2610 pati
817 2537 851 2594 da
873 2552 968 2594 occur.
1017 2533 1075 2604 regi
1089 2532 1182 2597 lenoci,
1199 2530 1306 2603 placido
1317 2535 1504 2593 uerecundiam
1513 2538 1650 2601 inlerranl.
1666 2544 1807 2621 Hanoepl·

178 2644 284 2690 reutum
312 2630 422 2686 raritate
448 2629 647 2700 suspicionem,
679 2629 713 2685 de
746 2627 903 2685 assiduitate
927 2627 968 2684 te.
1018 2624 1115 2681 stolam
1138 2624 1212 2680 laesa
1228 2626 1278 2698 17
1289 2626 1436 2696 majestatis
1459 2629 1571 2689 crimine
1582 2633 1708 2694 ardenter
1725 2640 1796 2710 juris

177 2723 286 2782 ,qggqqm
301 2739 309 2780 ς
323 2722 410 2779 donee
427 2720 480 2778 edii
495 2720 594 2792 publici
617 2720 688 2778 mole
708 2720 834 2790 vallatus,
852 2731 880 2779 et
893 2722 967 2793 prius
1022 2719 1136 2776 consulti
1157 2718 1412 2791 interpretabantur.
1425 2720 1467 2780 lle
1481 2732 1509 2779 et
1524 2723 1533 2762 ¹
1549 2726 1711 2799 duranium,
1734 2746 1807 2804 prm·

179 2883 969 3026 attalatacitaetacitaeintlaesam;
1020 2878 1804 3033 cantassemassumamusque

181 3032 230 3087 sed
245 3029 353 3085 nomine
365 3026 536 3096 interpolato.
550 3025 742 3092 Cassiodorus,
757 3042 872 3096 eumque
883 3026 976 3091 secuti¹
1020 3035 1066 3090 qur
1082 3019 1174 3074 Romae
1186 3029 1294 3087 rrsutur,
1314 3030 1417 3077 certum
1435 3022 1471 3077 sit
1492 3023 1572 3079 Attici
1594 3025 1630 3082 bu
1642 3042 1673 3084 us
1687 3034 1805 3089 consulis

179 3102 314 3158 llarianus
327 3108 354 3154 et
372 3098 540 3153 llermannus
558 3097 729 3152 Araunndum
745 3105 850 3153 vomuit.
872 3095 969 3152 Paulus
1019 3103 1167 3173 cognomen
1179 3088 1299 3173 Nonium·
1309 3089 1402 3159 luisse·
1416 3106 1470 3149 ¹¹0⁰
1484 3093 1617 3151 Ρθΰῑῑΰῑῐῑ·
1651 3099 1675 3153 5⁰
1688 3100 1804 3156 “Mili-

180 3172 310 3230 diaennus
324 3167 506 3234 Servandum3
528 3181 582 3237 quo
602 3167 683 3223 ctiam
697 3166 776 3222 modo
798 3166 966 3238 sigebertus,
982 3188 1005 3254 C
1019 3175 1105 3220 urana.
1116 3158 1300 3228 asclepiaden
1314 3161 1434 3243 collega,
1446 3165 1738 3238 nomineconcinnans,
1751 3171 1806 3227 llu-

181 3243 263 3309 llsbo,
278 3240 415 3298 conradns
424 3236 506 3294 abbas
518 3249 546 3294 et
557 3237 602 3293 alii
615 3254 623 3291 a
638 3252 731 3294 verum
741 3252 838 3294 nomen
853 3251 914 3293 cum
926 3237 968 3292 io·
1019 3230 1083 3313 llum
1095 3228 1284 3313 ifraeteatatutn
1308 3229 1484 3312 itarinuanum
1500 3235 1577 3290 fl⁰¹i¹
1595 3252 1643 3306 pro
1665 3238 1707 3295 Π·
1726 3243 1805 3298 Α’ἱῑθ

182 3319 257 3384 tegra
272 3312 381 3367 bistoria
395 3307 506 3367 Sidonio
516 3307 638 3363 debetur.
961 3324 965 3333 ·
1019 3299 1179 3382 llartorano,
1202 3309 1232 3382 ut
1252 3315 1279 3356 tn
1298 3300 1351 3357 aluo
1372 3316 1508 3360 marmore
1528 3308 1692 3375 appellatur:
1712 3320 1740 3367 et
1756 3327 1805 3382 pro
1910 3357 1913 3367 ,

218 3384 233 3421 ι
247 3383 297 3451 Qus
312 3382 339 3438 qn
350 3381 457 3451 antiqua
469 3379 641 3448 inscriptione
653 3377 694 3434 ili.
707 3377 841 3448 Eugenius
854 3377 968 3434 Asellus.
1019 3370 1148 3427 Petronio
1157 3369 1388 3453 liastmousidonli
1399 3373 1497 3439 nostri,
1511 3376 1634 3432 Anicium
1649 3378 1802 3438 Maximum.

182 3452 240 3513 line
262 3464 383 3523 tempore
402 3465 495 3507 comes
514 3459 573 3507 erat
589 3448 758 3520 largitionum
775 3448 968 3518 :postmodum
1020 3441 1175 3522 Eodemque
1189 3441 1304 3524 moldorn
1318 3442 1378 3496 aliis
1391 3443 1583 3569 complaJluribus,
1608 3449 1660 3520 10
1679 3466 1746 3520 quos
1761 3455 1804 3509 bic

240 3523 326 3580 iectus
342 3522 408 3579 llrbi
422 3519 488 3584 luit,
502 3521 529 3576 iu
543 3534 628 3589 eoque
641 3520 797 3591 magistratu
811 3519 837 3575 in
857 3519 967 3574 basilien
1022 3526 1147 3582 persequi
1161 3512 1303 3567 constitum
1321 3526 1375 3568 uon
1391 3522 1443 3568 est.
1478 3513 1616 3587 cSyagrio
1631 3522 1805 3580 autemdice-

207 3593 311 3651 .Pauli
333 3607 388 3649 arae
410 3592 532 3648 maximae
557 3590 657 3646 tbulum
680 3605 741 3645 curn
762 3589 895 3716 quadrato
915 3589 969 3644 cir·
1022 3589 1066 3638 tur
1077 3581 1110 3637 ad
1125 3579 1220 3636 librum
1235 3598 1261 3636 r.

184 3664 243 3722 autu
264 3680 338 3722 aranu
358 3662 464 3719 exedrae
484 3660 586 3717 ambitu
601 3663 744 3728 reparavit.
784 3660 881 3716 idimus
901 3659 980 3729 ipsi,
1059 3648 1251 3734 ‘Thaumasto
1262 3650 1424 3722 Apollinaris
1439 3653 1514 3711 iratri
1526 3656 1670 3714 scribitlib.
1684 3676 1710 3726 a,
1723 3663 1800 3733 epist.

183 3751 244 3793 cum
259 3749 327 3805 opus
344 3732 430 3790 adbuc
449 3741 565 3789 restaret
581 3732 669 3800 (nunc
682 3732 753 3786 enim
767 3744 889 3787 euersum
904 3730 969 3800 est),
1021 3723 1049 3792 d,
1060 3722 1187 3777 Petronio
1207 3721 1367 3790 Arelatensi,
1381 3731 1410 3779 ut
1423 3739 1496 3796 reor,
1508 3725 1698 3795 iurisconsulto
1712 3732 1759 3788 lib.
1775 3750 1805 3805 u,

184 3806 320 3876 sabjecta
339 3802 532 3876 porphyreticis
545 3803 676 3859 columnis
692 3801 768 3857 bases
788 3815 968 3868 marmoreas,
1011 3807 1038 3848 ‘v
1052 3800 1079 3848 et
1093 3806 1150 3847 ιιιι.

185 3885 265 3944 atquc
276 3877 305 3934 in
319 3876 362 3933 itis
375 3875 450 3931 binas
459 3874 493 3929 ad
506 3883 647 3942 utrumque
657 3871 757 3927 aditum
770 3869 814 3928 bis
827 3870 917 3928 verbis
929 3868 970 3926 in·
1057 3860 1803 3931 ‘Quaqrnvtneiaiiunadeeretnmdesrvandtaeeusa-
1850 3862 1857 3872 ’

185 3944 309 4018 spelpes,
1022 3931 1098 3988 tione
1110 3930 1283 3986 continebant
1292 3948 1299 3983 a
1307 3930 1378 4001 quod
1387 3931 1456 3989 inira
1470 3936 1630 4003 provinciale
1639 3941 1801 4010 mandatum,

372 4015 425 4076 η,
446 4012 615 4093 plicamus
632 4011 786 4070 gsmus
1021 4002 1118 4085 pagiua
1129 3996 1270 4083 decretalis
1282 3999 1417 4084 dicitura‘n
1432 4004 1560 4087 concione
1574 4006 1742 4087 bituricensi.
1754 4014 1803 4097 με..

406 4082 754 4215 tentasses,
1022 4071 1804 4281 pgpoqtqnquqtirsri¹aarum:aa.‚t¹a1

1061 4281 1072 4321 i
1088 4281 1226 4347 Eurlcum,
1241 4281 1288 4353 qui
1302 4281 1470 4339 'ibeodorico
1483 4284 1569 4354 iratri,
1582 4288 1616 4343 de
1628 4303 1682 4360 quo
1692 4290 1770 4361 epist.
1786 4293 1805 4349 2

977 4380 981 4386 ·
1024 4352 1136 4419 dictum,
1155 4363 1325 4410 successerat
1343 4361 1405 4409 ants
1428 4354 1573 4413 biennium.
1586 4357 1696 4415 Graecus
1716 4372 1803 4418 autem

1024 4423 1170 4494 imperator
1179 4438 1291 4494 quocum
1303 4437 1394 4494 pacem
1407 4424 1464 4481 iteri
1475 4426 1582 4481 nolebat
1590 4429 1742 4496 Arvandus,
1751 4448 1804 4489 nou

220 4290 237 4335 b
251 4290 397 4349 Praelectus
406 4289 494 4348 iuerat
508 4288 626 4362 pretorii
637 4287 795 4347 Galliarum.
810 4283 840 4345 ln
852 4284 971 4344 carmine

185 4361 374 4437 Propemptlco
385 4378 394 4420 a

245 4456 293 4508 liic
302 4455 367 4507 docti
379 4455 491 4507 inuenies
508 4459 602 4518 patrem
613 4453 727 4514 domati,

245 4517 376 4569 Rectorem
386 4516 548 4579 columenque
556 4514 697 4578 Galliarum,
784 4572 788 4581 ι

139 4645 145 4655 .
246 4579 323 4633 Prisci
333 4577 476 4630 Ferreolum
491 4590 575 4642 parem
585 4578 680 4642 Syagrt.

185 4708 240 4766 sed
253 4706 286 4763 de
297 4705 424 4763 Ferreolo
436 4703 539 4761 Sidonii
549 4702 629 4759 aldae
640 4702 715 4771 plura
722 4700 755 4756 ad
771 4700 911 4771 epistolam
925 4698 970 4767 la,

185 4780 232 4837 lib.
249 4793 295 4835 rat.
311 4774 461 4833 Naucratis
472 4775 506 4831 sit
520 4786 630 4830 mouere
643 4772 699 4829 lalli
713 4786 760 4828 eos
774 4771 821 4844 qui
845 4772 896 4828 boc
911 4770 971 4827 loco

187 4849 347 4906 sonantium
366 4861 381 4900 a
399 4845 528 4901 Ferreolo
541 4844 718 4913 distinguunt,
734 4843 810 4909 quasi
830 4841 882 4896 duo
897 4841 970 4909 siut,

184 4911 971 4984 eumunieussitierreolusprenomineionantiusasieut

185 4989 313 5047 diunius
326 4988 454 5059 syagrius
468 5000 521 5041 noa
532 4983 657 5050 duorum,
669 4983 715 5038 sed
730 4984 810 5037 unius
824 4989 866 5037 est
879 4982 971 5052 appol·

185 5060 262 5117 latio.
274 5059 380 5128 biloqui
391 5069 504 5127 quatuor
517 5054 552 5111 ab
562 5068 614 5110 una
631 5052 765 5124 prouincia
779 5050 857 5122 legati
868 5061 968 5121 essent,

143 5157 146 5165 ·
186 5145 249 5187 cum
263 5129 353 5198 plures
366 5142 446 5199 quam
461 5137 552 5183 tertios
564 5124 634 5180 mitti
648 5126 720 5194 leges
732 5132 832 5177 vetunt.

224 5198 359 5270 ‘Syagrii
381 5199 549 5254 consulatum
574 5209 653 5266 quem
676 5192 803 5249 Gratiano
823 5192 970 5263 imperante

186 5286 249 5329 cota
271 5268 390 5325 Antonio
401 5269 495 5339 gessit,
515 5265 576 5322 lasti
591 5278 684 5320 onmes
697 5264 855 5331 loquuntur,
868 5262 970 5319 dicanti

186 5348 342 5414 praedomen
357 5353 426 5394 unus
446 5337 525 5392 babet
544 5334 678 5392 Sidonius.
703 5333 778 5402 Quod
793 5348 855 5389 vero
876 5334 970 5389 l’estu·

186 5426 262 5469 mum
282 5408 423 5481 Syagrium
437 5408 464 5463 in
478 5407 679 5463 commentariis
693 5406 749 5461 suis
769 5402 885 5473 appellat
898 5406 971 5459 Onu·

175 5481 272 5551 sirius,
287 5494 337 5536 suo
362 5478 488 5535 nimirum
503 5491 576 5533 more
590 5476 668 5543 lacit,
694 5490 748 5546 quo
771 5476 841 5530 solet
855 5475 894 5529 vir
908 5475 970 5530 diii-

177 5552 372 5624 *gentlssimum
401 5550 509 5604 nomina
531 5562 591 5616 quaa
614 5547 698 5602 semel
723 5548 749 5600 in
775 5559 828 5600 usto
847 5546 971 5615 quopiam

187 5619 555 5753 iiiiiiiidddsli
566 5618 697 5744 ‘illiti
710 5614 973 5755 ‘silebitis

188 5708 311 5830 Atticumq
315 5760 362 5830 qui
373 5761 474 5831 collega
496 5758 546 5814 luit
560 5756 680 5825 Caesarii,
718 5759 820 5815 uatium
836 5758 973 5830 cognomi-

306 5851 444 5917 l’arsot..
467 5847 572 5910 stili.

1026 4505 1067 4550 est
1079 4492 1145 4559 Leo,
1156 4496 1202 4564 qui
1217 4497 1308 4564 procul
1321 4492 1444 4551 a'Gotbis
1454 4496 1481 4551 in
1491 4497 1600 4555 Oriente
1610 4499 1747 4570 regnabat,
1756 4504 1805 4560 sed

984 4556 1195 4631 Ildntbemins,
1219 4564 1265 4633 qui
1280 4563 1391 4621 llomam
1402 4582 1418 4621 e
1430 4566 1534 4622 Gracia
1553 4579 1673 4635 uenerat,
1691 4570 1805 4642 ideoque

1023 4636 1057 4690 ab
1072 4636 1195 4691 dreando
1209 4634 1319 4691 Graectu
1333 4637 1397 4703 itnp.
1414 4650 1462 4704 per
1473 4637 1616 4694 ludibrium
1636 4649 1761 4711 uocatur,
1777 4653 1806 4700 ut

1023 4721 1037 4760 a
1053 4704 1187 4788 ilieimere
1210 4704 1303 4763 Galata
1319 4716 1348 4762 et
1359 4707 1498 4763 Graculus
1514 4708 1584 4777 apud
1606 4709 1755 4768 Ennodium
1776 4715 1804 4771 in

1022 4775 1294 4928 Epsslpgssrtllltgiimffl
1306 4846 1365 4917 quis
1375 4845 1408 4930 de
1419 4847 1652 4931 Britanula'iusula
1663 4852 1804 4923 cogitaret,

1021 4924 1113 4972 notam
1140 4916 1238 4983 adiecit
1266 4930 1318 4984 qua
1344 4917 1466 4973 britones
1498 4919 1615 4977 Gallicos
1645 4920 1805 4992 designarit.

1023 4985 1205 5052 Hammeum
1215 4985 1355 5057 scripserit
1365 4986 1502 5055 Sidonius,
1512 5005 1559 5046 rea
1573 4990 1621 5046 luit
1635 4990 1804 5062 lllotbimus,

1023 5055 1139 5127 laquem
1152 5056 1622 5122 sericus,attornandesintieticia
1637 5071 1737 5129 narrat,
1747 5065 1806 5119 dn·

1023 5126 1125 5210 abania
1136 5131 1205 5198 bug.
1218 5127 1354 5198 suppetias
1367 5127 1498 5186 torentem
1518 5128 1553 5185 ad
1573 5130 1703 5189 bituricas
1717 5133 1808 5205 probl-

1022 5206 1253 5349 εῧινιηι’]ιβιίιιιιιιξ
1267 5267 1476 5352 intermorieis,
1494 5270 1545 5353 sie·
1556 5269 1595 5326 itu
1629 5273 1760 5333 undiones
1779 5277 1807 5334 in

1025 5335 1155 5407 Sequanis
1166 5344 1193 5392 et
1206 5335 1326 5393 bnttumrs
1344 5337 1438 5395 Galliae
1455 5340 1562 5411 populus
1630 5357 1660 5401 os
1681 5344 1806 5404 iterant.

1025 5406 1081 5463 llea
1096 5416 1184 5462 autem
1199 5408 1305 5462 illorum
1315 5408 1367 5465 boc
1381 5417 1501 5480 tempore
1514 5408 1686 5483 Gundeueus,
1701 5417 1806 5488 opinor,

1026 5490 1075 5533 scu
1087 5476 1260 5543 Gunduicius‚
1273 5478 1439 5536 Gundebaldu
1454 5490 1482 5537 et
1492 5480 1604 5539 iratrum
1619 5499 1727 5554 parens.

1062 5545 1071 5585 ¹
1088 5547 1347 5619 Praefectoriopatre
1358 5561 1447 5606 natum
1458 5551 1575 5609 Arvandi
1589 5555 1747 5611 verbismox
1758 5554 1808 5611 do·
1888 5602 1891 5603 γ

1023 5617 1104 5673 sebit.
1128 5617 1181 5674 Sed
1200 5620 1336 5676 llusanios
1354 5622 1382 5677 in
1397 5619 1480 5677 Gallia
1497 5631 1596 5691 prater
1610 5623 1680 5679 bunc
1692 5625 1808 5694 insignes

1023 5687 1091 5743 duos
1105 5688 1199 5745 eadem
1215 5698 1279 5745 astas
1291 5690 1392 5747 babuit.
1410 5693 1496 5748 Unum
1508 5695 1672 5765 episcopum,
1687 5695 1732 5764 qui
1746 5709 1807 5751 curn

1022 5757 1123 5817 Fausto
1147 5758 1257 5821 belensi
1275 5760 1391 5819 llomam
1413 5762 1448 5819 dc
1473 5761 1608 5820 fleumatis
1629 5762 1814 5827 Narbonensis

1555 5851 1598 5917 ab
