4090 6348
186 496 239 559 tte
823 487 1067 549 uetsrouauoo
1086 484 1181 548 utet
1451 463 1456 473 ’
1534 465 1536 470 ’
1748 453 1818 560 ¹tot]

187 614 320 684 irascitur,
329 612 357 667 in
366 610 488 679 utrisque
498 607 711 679 philosophatur.
725 607 974 665 Secundaslastidit
987 614 1011 672 Α
1025 608 1075 664 bos
1090 623 1143 664 non
1160 611 1248 665 minos
1266 613 1365 668 mulcet
1379 612 1463 668 virtus
1478 627 1596 669 antmom
1619 628 1699 684 qoam
1720 622 1816 673 eantur

187 708 227 764 vel
243 704 346 769 timere,
363 700 405 757 vel
422 699 528 756 iacere:
544 714 657 772 quarum
671 714 688 754 o
708 699 882 769 portunitates
901 714 977 771 sper·
1026 699 1155 756 aoditorn.
1180 701 1247 757 Cum
1263 704 1425 770 surrexerit,
1448 704 1557 760 inchoat
1570 713 1714 760 nocturnas
1728 705 1816 763 aulica

187 798 225 854 nit
239 794 357 862 oblatas,
380 791 476 846 transit
496 790 644 861 oppositas.
690 784 734 847 roe
748 799 822 846 moto
842 791 975 859 evaditur,
1026 808 1090 864 gaza
1104 794 1254 861 custodias,
1277 796 1372 850 armati
1394 797 1475 867 regiae
1495 796 1592 853 domos
1609 795 1728 853 aditibus
1748 797 1816 853 asai-

187 889 244 947 tine
256 885 371 943 colludio
384 880 485 939 avadit.
508 880 590 938 Potes
605 880 680 939 illom
693 888 720 938 at
734 882 762 938 in
778 881 889 938 calculis
901 896 976 939 arma
1026 895 1115 956 stunt,
1135 888 1232 958 quibos
1248 888 1321 943 hora
1335 888 1414 959 primi
1428 888 1534 957 soporis
1547 887 1737 959 vigilabuntur.
1758 888 1812 944 Sed

190 985 312 1037 tractare.
334 975 396 1033 Sola
409 972 501 1033 catilli
514 987 578 1029 cura
592 973 726 1030 vincendi.
746 976 775 1048 6
793 972 863 1031 Com
877 974 973 1033 ludeo·
1024 975 1080 1048 jam
1095 977 1158 1050 quid
1174 973 1248 1035 mma
1260 978 1332 1035 istud
1347 978 1380 1033 ad
1392 980 1418 1050 7
1430 988 1529 1050 partes,
1545 980 1591 1048 arui
1605 980 1653 1036 tibi
1672 980 1814 1037 indicanda

187 1072 330 1138 domest,
353 1068 454 1140 regiam
476 1074 627 1138 sequestrat
645 1066 777 1138 tantisper
789 1068 974 1137 severitatem,
1026 1085 1080 1126 non
1104 1070 1188 1126 molta
1210 1069 1245 1126 da
1267 1085 1360 1142 regno,
1384 1070 1432 1126 sed
1447 1085 1531 1141 pauca
1545 1071 1579 1128 de
1600 1087 1663 1145 rege
1684 1072 1816 1144 promisit

186 1160 309 1218 hortatur
329 1159 364 1215 ad
384 1158 488 1229 ludum,
509 1156 672 1226 libertatem,
693 1158 973 1230 communionemque.
1026 1158 1113 1216 Simul
1135 1171 1162 1217 et
1183 1161 1253 1233 stylo
1274 1161 1354 1218 linem
1370 1160 1539 1218 derideret:
1555 1163 1657 1233 quiret
1671 1171 1699 1219 to
1713 1151 1816 1235 cogno·

186 1250 279 1309 llicam
288 1250 359 1324 quod
378 1248 482 1306 sentio:
498 1249 573 1305 tlmet
582 1249 682 1306 timeri.
696 1248 817 1321 lienique
826 1248 977 1306 oblectatur
1026 1266 1104 1309 scere
1124 1251 1174 1309 viri
1199 1267 1253 1309 non
1277 1251 1390 1326 amplius
1410 1268 1490 1324 qoam
1509 1248 1596 1309 studia
1609 1250 1815 1327 'personamque

185 1344 366 1402 commotione
383 1340 521 1413 superati:
546 1349 575 1398 et
594 1348 658 1397 tone
678 1340 787 1397 demum
813 1341 900 1398 credit
924 1338 976 1398 sibi
1026 1342 1146 1414 voluisti,
1161 1352 1188 1401 et
1201 1360 1250 1417 ego
1264 1360 1318 1402 non
1332 1343 1483 1412 historiam,
1494 1343 1542 1402 sed
1555 1342 1694 1416 epistolam
1707 1344 1816 1404 allicere

187 1451 242 1493 noo
260 1434 375 1493 cessisse
391 1433 540 1504 collegam,
561 1448 623 1489 com
645 1433 725 1489 lldem
747 1433 841 1490 lecerit
856 1433 976 1490 victoriae
1027 1435 1129 1491 curari.
1144 1434 1221 1492 Vale.

187 1543 244 1583 auae
255 1528 318 1585 bilis
328 1527 426 1582 aliena.
448 1523 579 1596 Quodque
595 1524 705 1592 mirere,
720 1540 793 1596 sape
811 1525 856 1580 illa
870 1523 975 1592 laetitia,
1303 1526 1472 1584 salsuoha
1490 1524 1537 1583 ΙΙΙ.

187 1615 305 1673 minimis
317 1614 501 1672 amasionibus
511 1613 632 1683 veniens,
645 1613 793 1687 ingentium
807 1613 974 1686 negotiorum
1052 1656 1059 1671 .
1168 1616 1292 1674 Sidonio:
1302 1616 1317 1656 h
1328 1616 1479 1673 Philimotio
1492 1634 1539 1674 rao
1552 1619 1671 1674 ιιιιιιοιιι.

187 1706 283 1765 memta
312 1705 440 1762 lortonat.
471 1703 546 1760 'lonc
570 1703 742 1777 petitionibus
765 1704 811 1761 diu
841 1713 904 1768 anto
928 1720 977 1778 per
1061 1708 1173 1774 lnrrnc,
1189 1717 1217 1764 et
1233 1707 1337 1780 legibus
1355 1709 1528 1765 meamhltus
1543 1708 1734 1781 interrogatum
1750 1722 1815 1769 tse·

187 1797 396 1870 patrociniorum
412 1793 547 1866 naulragia
560 1794 676 1865 lactatis,
691 1793 866 1851 absolutionis
879 1794 975 1851 subitae
1027 1810 1090 1855 nato
1109 1813 1202 1867 move,
1226 1814 1274 1855 cur
1297 1786 1477 1870 adipiscendae
1500 1799 1621 1873 dignitati
1641 1800 1816 1858 hereditarias

187 1899 280 1960 portos
289 1887 417 1959 aperitur.
431 1886 507 1944 'l'unc
517 1886 597 1943 etiam
609 1900 659 1958 ogo
672 1885 774 1957 aliquid
785 1886 975 1943 obsecraturus
1023 1890 1098 1946 euris
1122 1887 1296 1960 pervigilhaoa
1320 1889 1492 1946 incumbam:
1514 1887 1529 1928 ‘¹
1549 1889 1593 1947 cui
1616 1900 1703 1961 pater,
1727 1907 1815 1964 socer,

188 1979 300 2036 leliciter
311 1977 416 2045 vincor,
430 1977 537 2048 quando
552 1976 617 2033 mihi
634 1976 667 2032 ad
683 1975 735 2034 boc
748 1976 836 2033 tabula
853 1978 929 2049 petit,
944 1986 975 2034 ol
988 1975 1013 2038 B
1025 1993 1102 2049 avos,
1117 1993 1244 2051 proavos,
1266 1978 1434 2051 praelectoris
1453 1979 1565 2036 urbanis
1582 1982 1815 2054 praetorianisque,

188 2085 267 2127 caosa
280 2069 409 2127 salvetur.
433 2068 509 2124 Circa
529 2083 627 2125 nonam
645 2068 812 2126 recrudescit
829 2070 914 2126 moles
929 2070 974 2126 illa
1027 2071 1213 2142 tmagisteriis
1228 2070 1356 2141 palatinis
1369 2071 1579 2142 militaribusque
1594 2073 1755 2128 micuerunt.
1782 2073 1816 2128 ht
1863 2120 1868 2128 .

188 2162 326 2234 regnandi.
341 2160 464 2219 lledeunt
475 2161 623 2232 pulsantes,
643 2161 759 2218 redeunt
771 2161 972 2229 submoventes,
1024 2176 1088 2221 ecce
1101 2162 1265 2220 Gaudentius
1279 2178 1356 2220 meos
1370 2163 1499 2220 hactenus
1520 2171 1623 2219 tantum
1637 2164 1813 2233 Tribonitius,

187 2254 285 2326 ubique
307 2253 440 2326 litigiosos
463 2251 553 2309 lremit
577 2252 723 2310 ambitus:
749 2254 794 2325 qoi
819 2261 921 2311 tractus
945 2255 972 2310 io
1024 2255 1183 2311 oscitantem
1206 2262 1358 2309 nostrorum
1382 2254 1479 2309 civium
1503 2253 1634 2310 desidiam
1653 2252 1665 2293 f
1677 2255 1814 2311 vicariano

186 2358 336 2416 vesperam
351 2358 429 2402 crena
442 2343 516 2415 regia
530 2343 718 2414 interpellante
732 2346 860 2411 rarescit,
883 2353 911 2402 et
924 2358 973 2417 per
1024 2345 1100 2415 apice
1114 2344 1289 2401 transcendit.
1305 2343 1426 2400 haesitat
1440 2343 1548 2415 quidem
1562 2333 1690 2415 iuvenum
1705 2354 1813 2401 nostro·

187 2436 288 2494 aulicos
309 2437 437 2507 deinceps
458 2450 507 2507 pro
530 2445 703 2508 patronorum
719 2438 848 2494 varietate
870 2438 974 2510 disper·
1022 2449 1083 2491 rom
1097 2436 1198 2491 calcata
1212 2434 1397 2506 generositas:
1413 2434 1461 2490 aed
1474 2434 1520 2504 qui
1534 2435 1630 2490 transit
1640 2436 1812 2506 derogantes,

187 2530 266 2602 gitur,
277 2543 362 2601 usque
372 2528 405 2585 ad
417 2537 522 2599 cmpos
535 2526 673 2585 concubia
686 2529 774 2585 noctis
784 2529 971 2587 excubaturus.
1022 2527 1050 2584 in
1062 2525 1114 2581 hoc
1124 2525 1212 2582 solum
1225 2535 1358 2591 movetur,
1373 2534 1402 2581 ot
1415 2522 1538 2596 gandeat.
1555 2524 1637 2595 igitur
1650 2536 1814 2582 venerantur

186 2619 258 2678 Sana
278 2619 502 2686 intromittuntur,
515 2634 666 2691 quanquam
687 2634 761 2687 raro,
777 2619 848 2674 inter
861 2634 973 2677 coenan·
1025 2618 1162 2688 bucosqoe
1182 2626 1382 2689 contemptum,
1407 2630 1440 2672 ac
1466 2616 1562 2672 subita:
1581 2626 1720 2687 stupentes
1742 2616 1813 2673 dona

188 2714 251 2771 door
264 2714 365 2771 mimici
377 2715 465 2780 sales,
488 2715 525 2769 ita
545 2722 574 2769 ot
595 2714 683 2770 nodos
707 2714 818 2771 conviva
841 2715 974 2772 mordacis
1024 2710 1153 2776 iortunae,
1172 2715 1258 2780 'quem
1270 2712 1408 2778 {consessu
1430 2707 1628 2777 despiciebant,
1649 2708 1714 2765 sede
1727 2709 1814 2779 suspi-

187 2804 285 2877 linguae
297 2804 359 2862 lelle
369 2804 490 2867 leriatur.
505 2805 549 2862 Sic
561 2814 650 2861 tamen
663 2806 733 2877 qood
745 2805 801 2862 illic
812 2819 862 2863 noc
874 2821 974 2879 organa
1024 2803 1108 2861 ciunt.
1120 2802 1168 2859 ille
1178 2802 1266 2858 obiter
1275 2806 1435 2858 stertentum
1446 2799 1638 2856 oblatratorum
1649 2814 1729 2857 aures
1739 2801 1813 2857 rauel

188 2896 341 2969 hydraulica
353 2904 465 2964 sonant,
484 2911 534 2952 nec
548 2896 599 2953 soh
612 2897 748 2968 phonasco
761 2899 894 2955 vocalium
907 2915 973 2955 con·
1023 2904 1091 2950 uoce
1106 2892 1239 2963 praeconis
1252 2892 1411 2947 everberat:
1432 2890 1478 2960 qui
1499 2888 1526 2945 in
1544 2903 1605 2946 euro
1621 2888 1684 2947 licet
1697 2891 1813 2947 stimolis

186 2990 281 3044 centos
304 2987 461 3046 meditatum
486 3001 610 3045 acroama
628 2988 710 3051 simul
736 2990 849 3045 intonat.
877 2989 973 3047 Nullus
1024 2983 1203 3040 inimicalibus
1221 2982 1381 3051 excitentur,
1403 2982 1520 3037 scamnis
1541 2990 1630 3038 tamon
1653 2982 1811 3039 amicalibus

186 3078 222 3134 ibl
241 3078 359 3152 lyristes,
373 3078 526 3148 choraules,
548 3078 758 3151 *mesochoma
773 3079 971 3151 tympanistria,
1025 3077 1196 3147 deputantur.
1217 3086 1231 3124 s
1250 3074 1327 3132 Unde
1350 3082 1376 3130 te
1398 3074 1478 3132 etiam
1502 3088 1551 3145 par
1572 3073 1653 3131 luerit
1674 3074 1812 3147 privilegio

186 3172 294 3242 psaltria
307 3172 399 3228 mnia:
414 3185 478 3243 rege
489 3170 577 3229 solum
591 3169 645 3227 illis
660 3170 758 3229 hdibos
769 3171 894 3260 delinito,
909 3168 971 3243 qui·
1014 3220 1018 3224 ⁴
1067 3230 1071 3235 ‚
1171 3182 1197 3222 ιιι
1212 3167 1389 3237 praefecturae,
1412 3163 1537 3238 tnhqna
1559 3166 1742 3238 participanda
1764 3167 1811 3225 de-

221 3338 235 3369 ·
249 3330 366 3386 Peninet
378 3329 414 3385 ad
426 3328 607 3399 pantomimos
619 3327 799 3396 cordacistaa',
812 3326 859 3399 qui
873 3326 970 3383 corda·
983 3324 1007 3387 ll
1022 3323 1132 3378 doretus
1146 3322 1192 3377 lib.
1209 3337 1241 3388 v:
1256 3337 1328 3379 nunc
1341 3322 1450 3397 dyrpiua
1462 3330 1513 3380 τῶι
1529 3326 1554 3379 la
1571 3325 1634 3400 αὐλῇ
1651 3327 1759 3394 ezrae,
1782 3335 1811 3386 ot

185 3416 255 3466 cem,
265 3401 544 3484 αἰσχράικαιάπριπῆ
554 3397 887 3476 ὄρχησιν,ιι1ιιιιιιιι.Ηίι
898 3398 970 3455 enim
1022 3393 1145 3449 Zosimus
1168 3392 1213 3449 lib.
1231 3409 1261 3451 ιι.
1284 3391 1388 3450 Glossa
1406 3401 1522 3458 nostro,
1536 3395 1678 3521 praecepere
1694 3398 1811 3468 ὸφφικίωι

185 3471 229 3540 qui
243 3474 351 3527 crotalus
361 3470 403 3526 vel
416 3485 541 3525 manuum
557 3470 652 3540 plausu
665 3470 741 3540 digna
754 3468 850 3535 alebat,
865 3468 927 3540 quia
940 3467 969 3523 itt
1021 3462 1099 3537 ὄνομα
1108 3462 1179 3519 adila
1192 3461 1266 3524 ἦττον
1277 3470 1323 3520 τοῦ
1335 3465 1474 3537 ἡγουμένου
1486 3471 1536 3522 τῶν
1548 3466 1580 3522 αὐ
1605 3473 1652 3520 κῶν
1666 3467 1810 3541 καταλόγων

185 3540 273 3597 rnedio
285 3541 369 3597 choro
383 3549 455 3607 erat,
479 3539 653 3597 mesochorus
665 3537 815 3606 dicebatur,
831 3546 861 3593 ot
878 3537 970 3594 docuit
1020 3533 1097 3595 drona
1118 3538 1202 3589 αίνωι.

185 3626 235 3666 nos
248 3619 326 3667 vetos
339 3609 498 3667 scholiastes
511 3609 648 3666 luvenalis
662 3609 696 3664 ad
710 3618 827 3680 satyram
843 3608 887 3664 ll.
910 3608 970 3676 Quo
1059 3603 1070 3644 ¹
1108 3605 1196 3661 traria
1217 3602 1403 3672 praelectores
1423 3605 1469 3674 qui
1488 3604 1642 3659 vicarianos
1660 3604 1756 3673 honor,
1770 3610 1809 3662 'et

185 3690 310 3746 spectans
323 3680 423 3737 Plinius
432 3678 523 3749 junior
537 3679 584 3737 lib.
597 3694 616 3736 ιι
628 3679 754 3750 epistolas
766 3679 800 3735 ad
812 3678 967 3746 llarimorn,
1019 3675 1152 3732 vicariana
1171 3673 1287 3743 dignitas
1306 3674 1421 3743 passim,
1445 3684 1491 3729 aut
1511 3675 1592 3729 etiam
1611 3674 1708 3729 vicaria
1726 3677 1808 3731 ahso-

185 3751 371 3807 mesochorum
386 3764 440 3805 noo
455 3750 544 3820 inepta
556 3749 625 3806 dixit
636 3764 697 3806 eom
711 3749 756 3820 qui
775 3749 968 3805 inauditorum
1019 3745 1085 3813 luto,
1099 3753 1129 3800 ot
1146 3745 1180 3799 de
1195 3743 1349 3813 magisteria
1361 3743 1523 3800 dicebamus.
1539 3742 1637 3798 vicarii
1652 3759 1716 3814 ergo
1729 3753 1807 3801 erant

185 3834 282 3877 corona
304 3819 410 3876 ceteris
431 3818 464 3875 ad
489 3818 649 3877 laudandum
662 3820 805 3891 {oratorem
828 3817 968 3876 conductis
1018 3816 1063 3887 qul
1083 3829 1132 3897 pro
1153 3813 1285 3882 praelectis
1302 3817 1352 3884 11
1369 3814 1493 3880 praetorto
1507 3812 1558 3868 sibi
1572 3813 1688 3879 creditas
1707 3815 1808 3883 aliquot

184 3888 326 3960 plaudendi
340 3890 444 3960 signum
457 3887 548 3948 dabat.
1019 3885 1215 3956 provrnciarum
1233 3883 1364 3938 dioecesea
1378 3882 1620 3938 administrabant:
1640 3893 1669 3937 ot
1687 3884 1806 3952 praelecti

220 3959 413 4030 bbngdunensi
427 3958 592 4029 Caussidico,
613 3958 648 4016 de
664 3971 718 4030 ooo
730 3956 780 4014 lib.
791 3973 818 4024 v,
836 3958 916 4030 epist.
932 3956 968 4015 l'l
1018 3954 1146 4079 fractorio
1165 3952 1247 4007 italie
1260 3951 1353 4008 vicarii
1374 3960 1430 4007 tres
1452 3952 1576 4015 luerunt,
1600 3951 1675 4006 urbis
1698 3952 1806 4019 llorrrae,

184 4029 217 4085 ad
232 4030 368 4101 Eriphiunr
380 4031 439 4100 ejus
450 4044 588 4112 generum.
1031 4025 1100 4078 tallae
1112 4031 1139 4077 et
1149 4021 1261 4077 dlrlcae:
1274 4021 1382 4077 totidem
1396 4020 1515 4092 praelecti
1528 4020 1648 4088 praetorii
1659 4019 1804 4079 Galliarum

220 4099 316 4171 elege
336 4100 478 4170 Calpumra
500 4101 632 4156 sancitum
654 4098 719 4154 olim
743 4097 829 4154 luerat
851 4097 968 4153 ambitos
1018 4093 1126 4160 vicarii,
1143 4105 1210 4147 anus
1225 4091 1427 4159 hispaniarum,
1443 4092 1512 4146 alter
1526 4090 1732 4156 britanniarum,
1749 4101 1806 4147 ter·

183 4170 322 4225 damnatos
334 4176 398 4243 μήτι
416 4167 523 4247 ἄρχειν,
543 4174 605 4242 μήτι
623 4169 767 4242 dochino,
789 4167 826 4224 lta
845 4175 875 4224 ut
892 4168 967 4223 aditu
1018 4163 1071 4218 tius
1084 4172 1185 4232 septem
1199 4161 1394 4245 provinciarum
1404 4175 1456 4284 ger
1467 4160 1578 4244 Gallias,
1592 4160 1691 4242 dequo
1705 4159 1748 4242 hic
1762 4161 1805 4244 agi

183 4242 265 4296 coriae
284 4240 468 4309 bonorumque
488 4249 617 4309 perpetuo
635 4247 802 4294 arcerentur.
827 4237 882 4294 hor
897 4236 966 4293 lolia
1017 4247 1126 4288 censen.
1148 4232 1205 4287 Non
1221 4245 1291 4288 enam
1305 4229 1401 4285 audren
1422 4239 1506 4287 nsunt
1518 4245 1562 4299 qur
1578 4239 1632 4286 tres
1647 4244 1763 4287 vrcarsos
1776 4248 1804 4287 ιιι

184 4324 289 4376 poenaro
303 4309 358 4364 mit⁸
378 4310 440 4374 avit,
451 4323 566 4379 amque
575 4307 622 4366 red
659 4307 679 4363 it
692 4306 725 4363 ad
738 4307 966 4379 quinquennium:
1017 4317 1068 4358 orna
1085 4301 1171 4357 Gallia
1186 4310 1299 4371 ponunt,
1314 4315 1373 4355 cum
1390 4312 1463 4356 recte
1476 4301 1503 4355 in
1517 4298 1615 4355 Notitia
1631 4299 1759 4370 scripturo
1770 4302 1806 4356 sit

182 4387 277 4435 auctor
294 4323 408 4443 hiolfib.
423 4393 503 4434 xxxvl
523 4387 550 4434 et
570 4395 624 4435 ιιι.
671 4392 745 4433 erum
768 4378 811 4433 les
830 4376 916 4445 lolia,
938 4386 968 4432 ut
1018 4372 1133 4428 vicarios
1148 4372 1174 4428 in
1188 4370 1332 4427 Occidente
1346 4384 1393 4426 ser
1413 4378 1514 4425 tantum
1533 4369 1632 4436 luisse:
1658 4369 1707 4425 hos
1726 4371 1805 4425 trinni-

183 4447 348 4505 llodestinos
359 4448 448 4516 docet,
464 4448 491 4504 in
505 4447 578 4505 Urbe
591 4448 715 4518 cessavit,
731 4456 870 4518 postquam
883 4447 967 4517 magi·
1018 4457 1077 4497 ruvo
1091 4457 1158 4512 qoos
1171 4441 1396 4497 enumeravimus.
1410 4440 1478 4508 Quia
1490 4440 1570 4511 igitur
1579 4439 1670 4494 vicarii
1683 4442 1805 4507 proximo

182 4526 310 4573 stratusa
324 4518 442 4588 principe
455 4520 541 4574 creari
559 4519 659 4588 ccepti:
678 4527 705 4573 et
721 4532 807 4587 poenm
819 4518 845 4572 in
860 4532 906 4572 ens
921 4517 966 4586 qui
1016 4512 1099 4583 gradu
1114 4520 1192 4567 eraut
1207 4527 1220 4564 a
1236 4509 1378 4582 praelectis,
1397 4511 1529 4566 ausonius
1550 4511 1576 4564 in
1600 4508 1708 4565 llosella
1729 4508 1801 4565 vica-

182 4587 253 4653 apud
273 4588 420 4658 principem
439 4588 572 4646 ambirent
590 4588 651 4643 aliae
670 4596 760 4657 postea
781 4588 913 4652 decreta,
937 4594 967 4641 ot
1016 4582 1083 4638 riam
1093 4581 1236 4636 secundam
1248 4580 1434 4651 praefecturam
1444 4591 1532 4643 vocat,
1542 4579 1709 4650 vicariosque
1720 4579 1802 4636 ltalite

182 4656 230 4713 lib.
253 4673 261 4713 ι
287 4657 349 4713 cod.
370 4658 475 4714 theod.
501 4658 535 4714 ad
562 4659 648 4728 legem
674 4657 770 4712 lulium
793 4657 828 4713 de
852 4657 964 4713 arrrbitu.
979 4651 1256 4741 DatBrltamriarmo
1271 4651 1393 4722 designat
1406 4650 1447 4705 bls
1460 4650 1568 4706 verbis:

180 4726 501 4864 ascalonas:
514 4726 966 4867 ttttlbltltdltltdhbl?
1109 4759 1764 4876 lolliumhbrdllllllhtlltffim

181 4875 390 5019 regificam
400 4935 625 5018 §ideali-olomuc
634 4934 779 4991 bonoribus
791 4935 966 5019 nibillcctom
1053 4933 1177 5017 abundet
1190 4941 1220 4986 ot
1234 4927 1400 5010 praefectura
1419 4926 1596 5011 assessionem
1614 4924 1666 5006 sibl
1685 4925 1801 5008 oblatam

181 5019 301 5061 memma.
319 5004 490 5083 vhpollrnarra
504 5020 575 5071 garos
595 5005 736 5075 praelectio
757 5015 883 5076 protono
900 5005 966 5063 Gal·
1017 5013 1144 5073 recipiat,
1167 5008 1248 5082 atque
1271 4999 1350 5068 boios
1374 5011 1491 5052 muneras
1516 4996 1654 5079 pravilegro
1671 5002 1802 5065 antrqoatr

180 5074 275 5155 liarum
291 5067 386 5130 'iuerat
427 5074 530 5146 rinclpe
554 5075 693 5140 Honorio,
717 5083 794 5145 pater
817 5076 966 5145 imperante
1017 5074 1146 5155 honoris,
1173 5070 1283 5128 alternus
1309 5068 1424 5150 lortasse
1446 5080 1605 5150 assessionrs
1628 5079 1706 5135 qoam
1731 5067 1803 5134 apud

181 5143 378 5224 ΙΥιιΙοιιιιιιίιιιο.
404 5092 500 5201 xvitos
522 5144 638 5216 deniquo
661 5158 750 5211 socer,
773 5153 802 5201 et
825 5145 965 5225 praelectus
1007 5145 1305 5225 'vicar'rumgevseran
1327 5147 1460 5208 jacturam
1483 5142 1619 5218 resarciat.
1643 5137 1801 5220 assessores

181 5220 258 5277 rtem
283 5223 311 5270 et
332 5214 458 5286 magister
475 5215 613 5287 utriusque
631 5214 750 5285 militias,
775 5222 804 5269 ot
825 5215 881 5270 sois
900 5210 973 5271 locrs'
1017 5214 1161 5272 consultari:
1183 5209 1368 5290 praelectornnr
1383 5216 1489 5288 peracta
1503 5206 1597 5287 malitia
1611 5205 1701 5288 molus
1721 5220 1803 5276 praru·

179 5283 344 5339 ostendetur.
1018 5284 1095 5355 legiis
1107 5278 1281 5347 ornabantur,
1292 5291 1323 5333 ac
1334 5290 1441 5358 vrcarns
1454 5276 1569 5356 dentque
1581 5289 1646 5357 tpsrs
1658 5275 1802 5358 aquaban-

215 5351 395 5437 coloniorum
408 5369 491 5479 :gum
503 5353 594 5426 palatii
606 5354 751 5437 magisteril
764 5354 894 5436 liumenlo
905 5354 968 5410 rbe·
1017 5365 1073 5420 tur,
1087 5351 1149 5408 cod.
1164 5348 1267 5405 Tireod.
1290 5347 1324 5403 do
1348 5345 1491 5429 eorraitrbus
1515 5360 1570 5471 qula:¹¹
1584 5346 1733 5429 rllustrrbus
1756 5361 1802 5426 as·

178 5424 968 5574 aa:crastiua:cassanolium..tta
1019 5419 1453 5570 :rituaestumat:
1474 5424 1610 5569 olant.
1625 5429 1803 5541 attauh

177 5559 265 5617 elbora
278 5567 397 5634 regebat.
414 5563 479 5620 inde
492 5579 588 5620 nornen
604 5564 652 5631 illi,
666 5566 708 5620 vel
721 5566 756 5620 ab
768 5563 864 5621 olllciis
876 5566 918 5621 vel
932 5563 967 5617 ab
1017 5562 1080 5618 ldeo
1094 5560 1239 5616 verendum
1254 5565 1292 5613 art
1306 5555 1475 5624 Philemauo,
1491 5570 1524 5611 ne
1536 5570 1559 5611 st
1572 5567 1647 5611 extra
1661 5555 1803 5625 praelecto·

177 5630 237 5686 auia
250 5634 308 5701 ipsa
322 5642 350 5689 et
362 5633 472 5704 palatio.
487 5634 603 5690 Rutilius
615 5635 810 5691 homatianos:
1019 5632 1102 5687 rianae
1116 5627 1275 5684 assessiunis
1295 5628 1496 5697 prerogativam
1519 5626 1545 5681 in
1564 5623 1704 5681 concilium
1719 5638 1802 5680 venc-

330 5747 344 5759 ..
517 5738 523 5749 ·
608 5749 613 5761 .
849 5724 854 5748 ι
1019 5702 1068 5768 rit,
1087 5702 1175 5769 reipsa
1187 5700 1286 5754 sentiat
1305 5712 1334 5752 se
1349 5698 1451 5752 nulium
1466 5696 1580 5753 lauretum
1594 5708 1627 5750 ex
1640 5694 1801 5752 vicariorum

268 5746 359 5799 office
367 5760 486 5811 regerem
495 5760 549 5797 com
560 5760 628 5810 aegra
640 5754 703 5799 tect·
715 5749 843 5809 magister,
1019 5770 1171 5826 „mone
1183 5775 1296 5839 cepisse·

348 5810 536 5871 mmmm
549 5808 844 5871 ¹³⁸⁵ffl⁰⁰¹⁹⁵⁵⁰¹⁰⁰b⁵²²
948 5884 955 5900 .
1054 5838 1108 5895 ΙιΙιι
1123 5838 1314 5910 poster.edit.,
1328 5853 1405 5899 utem
1420 5832 1634 5905 vorticipontiaar.
1650 5833 1694 5894 Sic
1707 5835 1805 5898 inullis

177 5907 263 5967 Gracci
276 5925 383 5981 quoque
394 5925 465 5969 nunc
475 5913 610 5986 ἡγούμενοι
619 5918 670 5967 τῶν
681 5911 825 5982 βασιλείων,
838 5920 868 5966 ot
878 5908 969 5965 Thera·
1020 5908 1097 5966 libris
1109 5910 1197 5965 editis.
