4080 6348
249 320 301 378 bat

892 300 1013 373 stilum!
1033 293 1262 363 APOLLlNdeS

1838 290 1897 352 etti

246 431 284 491 Se
298 430 410 488 dederat
422 432 494 499 ruri;
511 441 647 502 nunquam
661 436 751 483 manen
763 427 833 497 otia,
849 438 983 495 nunquam
1057 415 1179 489 Am
1197 414 1320 483 Birutus,
1342 410 1516 483 opprobrium
1537 420 1593 465 non
1613 406 1742 463 damnum
1762 406 1895 464 barbarus

246 522 355 582 Desidia
368 521 497 591 imbellis,
511 520 684 592 studiumque
700 528 728 576 et
741 533 806 575 cura
821 518 912 590 quieto

214 598 221 665 ἶ
245 616 391 673 morum
406 627 532 683 semper:
547 619 561 650 ⁸
574 611 664 669 subito
677 626 738 668 cum
751 621 829 683 rupta
842 609 956 666 tumultu

245 705 389 764 Barbaries
402 712 473 762 totas
488 703 515 760 ia
531 713 556 760 te
571 703 769 761 transfunderat
781 711 880 770 arctos,

245 799 326 871 3!ss
341 797 444 863 Gallia;
458 811 606 868 pugnacem
622 797 725 867 Bugum
739 796 887 852 eomitante
900 794 1016 861 Gelono,

245 888 348 959 Gepida
363 897 423 945 trux
435 888 570 959 sequitur,
584 887 598 928 ¹³
614 887 727 959 Scyrum
742 885 896 959 Burgundio
909 885 998 956 eogit3

246 980 368 1046 Chunus,
384 977 554 1048 Bellonotns,
569 978 686 1046 Neurus,
703 979 845 1045 Basterna,
862 976 1006 1048 Toringus,

247 1075 402 1140 Bructerus,
419 1074 510 1129 ulvosa
526 1088 606 1143 quem
620 1074 661 1128 rel
677 1074 686 1104 ¹
700 1071 778 1129 llioer
792 1071 878 1127 abluit
892 1070 978 1136 uada,

247 1167 401 1237 Prorumpit
418 1164 553 1233 Francus;
567 1163 665 1222 cecidit
679 1163 732 1220 cito
745 1172 817 1220 secta
833 1161 940 1232 bipenni

247 1259 372 1316 ilercinia
388 1258 415 1314 in
430 1257 536 1324 lintres,
551 1266 578 1313 et
591 1256 714 1313 Rhenum
729 1256 815 1313 texuit
832 1254 905 1311 alno.

253 1354 287 1408 lit
299 1354 354 1422 jana
371 1351 495 1408 terrificis
510 1350 651 1407 diffuderat
665 1350 747 1413 Attila
762 1349 858 1405 turmis

247 1444 276 1499 ln
292 1458 403 1515 campos
417 1458 457 1511 se,
474 1445 571 1513 Belga,
588 1452 664 1508 tuos;
678 1443 723 1498 vir
739 1442 855 1513 liquerat
867 1439 950 1511 Alpes

248 1536 353 1605 Aetius,
370 1546 450 1593 tenue
464 1546 491 1592 et
504 1551 595 1592 rarum
608 1536 668 1593 sine
683 1535 769 1591 milite
783 1534 885 1591 ducens

249 1626 341 1683 Bobur
356 1627 382 1683 in
398 1627 505 1683 auxiliis
519 1628 640 1684 Geticum
655 1627 725 1683 male
740 1626 867 1683 credulus
881 1639 977 1695 agmen

247 1718 387 1774 Incassum
404 1719 520 1790 propriis
534 1733 701 1790 presumens
713 1718 806 1775 adlore
821 1720 928 1774 castris.

1714 497 1853 571 [uomens.

1094 599 1149 657 llos
1161 599 1196 655 ad
1209 597 1279 655 bella
1294 594 1378 652 trabit
1389 602 1448 651 tuna
1461 593 1517 663 jaun
1529 605 1594 663 spes
1606 590 1680 647 orbis
1693 590 1801 656 Avitus,

1093 691 1143 749 llsl
1157 691 1214 763 jaus
1230 691 1363 762 priuatus,
1382 688 1427 744 uel
1441 685 1539 743 adhuc.
1554 682 1599 743 Sic
1610 685 1735 742 cinnama
1749 685 1839 756 busto,

1085 783 1178 843 ,critis
1195 779 1329 854 Brytbraei
1348 788 1459 850 portans
1477 776 1622 835 Pboebeius
1637 777 1705 846 ales,

1093 876 1217 933 Concitat
1229 889 1311 930 omne
1329 873 1419 929 auium
1438 872 1553 943 tulgus:
1569 870 1727 927 temulentia
1739 879 1855 927 currunt

1094 968 1225 1038 Agmina,
1244 977 1272 1021 et
1290 973 1423 1035 angustus
1440 977 1543 1034 pennas
1559 976 1613 1018 non
1629 960 1747 1032 explicat
1764 977 1822 1020 aer.

1133 1059 1147 1096 ‘¹
1164 1059 1223 1115 lam
1239 1072 1323 1130 prope
1341 1057 1394 1113 lata
1411 1057 1448 1112 tui
1465 1057 1588 1113 bissenas
1600 1055 1718 1112 vulturis
1734 1054 1792 1111 alas

1094 1156 1272 1228 complebant
1288 1154 1354 1225 (seis
1366 1167 1483 1224 namque
1493 1161 1553 1210 tuos
1563 1191 1572 1220 ,
1583 1152 1648 1220 scis,
1662 1153 1758 1221 Boura,
1776 1152 1898 1223 labores)

1097 1257 1110 1286 ·
1127 1250 1233 1306 betium
1249 1247 1374 1304 Placidus
1387 1246 1520 1303 mactarit
1538 1244 1650 1301 semivir
1667 1260 1762 1303 ameris

1095 1340 1202 1411 Virque
1214 1348 1261 1397 tuo
1276 1339 1431 1411 impositum
1446 1337 1526 1408 capiti
1537 1334 1680 1407 diadema,
1696 1337 1809 1398 Petroni
1824 1360 1830 1396 :

1095 1435 1171 1492 lllico
1187 1433 1335 1500 barlaries,
1351 1446 1403 1489 nee
1416 1446 1472 1489 uon
1485 1430 1537 1487 sibi
1553 1439 1632 1502 capta
1649 1432 1737 1489 rideri

1096 1527 1182 1585 lioma
1203 1527 1288 1593 Getis,
1306 1526 1440 1595 tellusque
1458 1538 1508 1580 suo
1526 1537 1637 1580 cesama
1654 1523 1755 1595 lurori,

1096 1617 1230 1688 liaptores
1248 1631 1297 1674 eeu
1315 1616 1384 1672 lorte
1401 1614 1472 1685 lupi,
1490 1614 1549 1685 quis
1567 1629 1633 1671 nare
1650 1616 1740 1687 sagaci

1100 1709 1231 1765 lionstrat
1250 1709 1318 1765 odor
1333 1708 1459 1779 pinguem
1478 1707 1578 1765 clauus
1595 1707 1630 1762 ab
1649 1707 1765 1769 ouilibus
1783 1724 1893 1782 auram,

247 1811 364 1868 Nuntius
378 1822 406 1867 at
418 1823 559 1883 postquam
576 1813 714 1869 ductorem
733 1813 865 1886 perculit,
882 1812 993 1869 llunnos
1060 1800 1085 1862 Β
1099 1802 1224 1874 irritant,
1241 1810 1393 1872 acuuntque
1410 1799 1520 1869 samem,
1542 1807 1703 1873 portantque
1716 1801 1818 1874 rapiere

247 1900 307 1957 lam
327 1915 411 1972 prope
425 1910 608 1973 contemptum
628 1904 745 1974 propriis
763 1905 791 1959 in
811 1902 920 1960 sedibus
939 1903 1044 1961 bostem

246 1995 412 2066 Exspectare
424 1995 517 2063 ueras,
532 2006 624 2052 versat
641 2010 721 2067 vagus
735 1996 826 2052 omnia
840 2009 932 2052 secum

247 2086 381 2156 Consilia,
397 2097 425 2144 et
439 2097 558 2146 mentem
570 2103 695 2143 curarum
711 2088 837 2144 fluctibns
850 2097 936 2159 urget.

247 2180 370 2238 Tandem
385 2185 521 2237 cuncmnti
534 2180 606 2237 sedit
620 2181 769 2249 scatentia,
784 2180 886 2237 celsum

247 2273 373 2331 Exorare
387 2275 492 2340 virum,
507 2272 684 2341 collectisque
697 2273 822 2329 omnibus
837 2288 890 2329 una

247 2366 428 2436 Principibus,
442 2380 535 2422 ceram
549 2368 661 2437 supplex
677 2366 717 2422 sic
732 2367 830 2422 talibus
844 2366 912 2420 inlit.

285 2459 377 2525 Orbis,
391 2460 480 2525 Avito,
495 2458 580 2526 salus,
593 2459 638 2513 cui
651 2473 704 2514 non
720 2472 791 2515 nona
804 2458 891 2529 gloria
904 2474 976 2515 nuuc
987 2467 1043 2525 est,

248 2549 328 2618 Quod
342 2558 420 2620 rogat
433 2550 543 2617 Aetium
557 2550 684 2613 noluisti,
699 2560 727 2605 et
740 2566 794 2607 non
809 2558 888 2606 nocet
902 2549 1008 2607 hostis:

249 2650 262 2681 ι
277 2640 342 2696 Tisi
356 2639 482 2713 prodest3
498 2640 602 2696 inclusa
617 2649 692 2696 tenes
706 2648 744 2695 tot
758 2642 840 2696 millia
856 2650 937 2708 nutu,

247 2730 283 2789 m
297 2731 404 2804 populis
418 2730 519 2788 Geticis
530 2731 589 2786 sola
603 2741 645 2788 est
660 2741 704 2787 tua
718 2733 804 2803 gratia
817 2732 905 2791 limes.

247 2821 350 2880 latensi
363 2838 472 2893 semper
486 2822 574 2891 nobis,
589 2838 684 2895 paoem
700 2824 748 2880 tibi
762 2833 902 2895 praestant.

247 2911 380 2971 lliotrioes
394 2915 404 2970 i
419 2928 512 2985 prome
530 2916 633 2986 aquilas
647 2933 654 2970 a
670 2914 723 2981 lac,
737 2916 849 2986 optimc,
866 2916 975 2973 Biannos

246 3006 366 3075 Quorum
380 3005 450 3064 iorte
464 3008 536 3079 prior
549 3010 609 3080 luga
625 3022 675 3063 tros
686 3017 861 3064 concusserat
872 3009 956 3076 olim,

247 3097 293 3156 Bis
307 3099 392 3156 uictor
405 3098 536 3170 prodesse
549 3098 624 3154 milri.
641 3099 687 3156 Sic
700 3100 781 3168 laqus,
798 3107 826 3153 et
840 3099 887 3155 ille

247 3194 386 3253 Pollicitus
399 3196 507 3263 uotum,
523 3195 586 3250 lecit
598 3210 684 3265 spem.
700 3193 826 3251 Protinus
840 3192 905 3250 inde

249 3287 385 3355 Aduolat,
399 3296 427 3345 et
440 3287 556 3344 lamulas
570 3287 597 3343 in
613 3287 704 3357 praelia
717 3285 834 3343 concitat
848 3286 912 3343 iras.

248 3380 328 3442 ibam
341 3381 442 3452 pellitae
457 3391 519 3451 post
531 3381 644 3437 classica
659 3380 773 3437 Bomula
788 3390 893 3449 turma,

250 3472 292 3535 sd
305 3488 406 3533 nomeu
418 3482 546 3530 emrente
557 3473 642 3541 Geta3
657 3473 734 3531 timet
746 3487 802 3531 aare
814 3471 907 3529 uocari

244 3720 248 3733 ·
286 3714 301 3745 ¹
314 3705 417 3776 Bnpler
430 3703 482 3761 alta
496 3705 594 3777 legatio
608 3704 693 3761 aviti.
706 3703 785 3760 Prior
796 3703 831 3758 ad
846 3698 1045 3759 Tbeodorionm

251 3777 391 3845 eumdem,
409 3790 470 3834 cum
491 3777 610 3833 irruente
631 3775 658 3830 in
682 3774 796 3832 Galliam
818 3773 900 3829 attila
921 3772 1045 3829 Tolosam

250 3848 321 3904 aetii
335 3854 429 3918 rogatu
443 3849 578 3917 proiectus
590 3855 647 3913 est,
663 3854 695 3902 ut
714 3845 818 3902 Gotbos
840 3845 868 3901 in
883 3844 949 3901 belli
970 3843 1045 3900 llun·

250 3918 305 3974 uici
319 3921 474 3974 societatem
490 3920 666 3987 pertraheret.

289 3988 424 4059 l’liutgati
445 3990 528 4052 olim,
548 3988 677 4044 Scotum:
701 3986 793 4058 scripti
809 3987 916 4043 Sacrum
938 3986 1044 4058 legum,

250 4069 298 4115 aut
312 4058 451 4128 Socerum,
465 4060 537 4131 quod
560 4075 609 4129 pro
630 4057 717 4130 Scyro
735 4059 770 4113 ab
789 4058 947 4130 antiquariis
964 4056 1046 4114 scribi

166 4190 168 4195 ,
249 4130 377 4198 solitum,
392 4140 421 4186 ιιι
435 4146 540 4199 porrum
552 4145 602 4200 pru
616 4145 708 4200 pprrntt
722 4129 792 4200 apud
807 4130 967 4186 Ausonium.
979 4129 1046 4199 Sey·

251 4215 300 4257 ros
324 4210 414 4257 autem
439 4200 592 4269 Scytbicum
617 4211 741 4269 gentem,
767 4201 914 4255 Alanorum
942 4207 1043 4269 partem

250 4270 335 4328 luisse
349 4270 427 4327 docet
441 4270 603 4335 lornandes,
621 4284 722 4338 eosque
736 4278 797 4338 post
816 4268 907 4326 Attilae
929 4277 1043 4324 mortem

251 4341 281 4395 in
292 4340 384 4396 ilcesia
394 4339 558 4406 consedisse,
571 4348 626 4395 tum
637 4350 729 4409 postca
742 4338 890 4395 Odoacrem
903 4341 929 4395 in
942 4338 1043 4395 ltaliam

253 4419 371 4466 secutos.

245 4497 250 4507 ·
291 4479 405 4547 eOlim,
422 4479 522 4549 inquit,
542 4492 603 4533 cnm
625 4478 671 4534 tibi
693 4478 821 4534 rictorem
843 4477 1041 4534 'lbeodoricum

254 4547 287 4603 ad
306 4563 399 4619 pacem
415 4549 515 4603 hortari
539 4547 630 4617 libuit,
652 4548 731 4603 desiit
745 4561 861 4603 nocere:
878 4563 948 4604 nunc
966 4549 990 4604 si
1004 4550 1045 4605 vis

254 4619 352 4675 iterum
365 4635 471 4691 rogare,
489 4619 608 4689 proderit
620 4618 676 4675 suis
690 4617 806 4673 auxiliis.
819 4618 864 4675 Sic
878 4632 942 4689 ergo
955 4619 1046 4689 legen-

184 4702 186 4708 *
253 4688 317 4757 dns,
331 4699 359 4746 et
379 4690 580 4760 distinguendus
601 4690 645 4745 iaie
669 4688 753 4745 locus.
773 4688 839 4743 llam
862 4690 993 4745 sententia
1017 4690 1044 4746 ir

253 4760 368 4830 vulgatis
384 4760 457 4816 nulla
470 4769 538 4816 erat.
553 4760 608 4817 Nec
623 4761 713 4816 minus
725 4759 834 4827 elegans
847 4760 966 4816 clausula
980 4774 1043 4815 ora-

254 4831 345 4899 tionis,
368 4845 420 4902 qua
442 4838 517 4900 optat
538 4830 648 4888 llunnos
666 4831 712 4901 qui
735 4830 805 4886 Bello
828 4830 958 4899 Gotbico,
981 4846 1042 4887 curn

252 4902 399 4958 auxiliares
418 4910 527 4968 essent,
545 4903 607 4957 vieti
630 4911 792 4968 nocuerant,
808 4901 945 4972 cladisque
967 4900 1043 4957 Lito-

222 4974 227 5037 ξ
252 4972 335 5027 rianar
350 4982 474 5028 auctores
491 4972 552 5043 iuga
573 4986 620 5027 sua
642 4971 762 5039 lucrant,
779 4988 850 5028 nunc
871 4987 932 5028 eum
952 4972 1044 5029 hostes

220 5078 223 5087 ‚
252 5052 329 5110 suut,
344 5045 440 5105 iterum
453 5043 522 5098 rinei
537 5052 616 5112 atque
631 5043 668 5097 ita
680 5042 720 5098 bis
731 5044 816 5098 victos
831 5043 968 5112 prodesse.

291 5111 407 5169 dllarro
427 5114 497 5183 apud
517 5111 692 5168 Censorinum
710 5115 743 5167 de
764 5112 807 5168 die
826 5112 907 5170 natali
928 5127 987 5184 cap.
1010 5115 1044 5171 ll

253 5193 361 5249 rrarrat,
377 5184 485 5239 audisse
497 5198 526 5238 ss
544 5198 577 5237 er
592 5183 682 5238 Vettio
700 5198 816 5253 augure,
829 5187 852 5239 si
864 5186 902 5238 ito
916 5194 995 5249 esset,
1016 5192 1045 5239 at

255 5257 385 5307 truderent
405 5254 519 5308 historici
539 5254 571 5307 de
588 5252 691 5309 Bomuli
711 5253 789 5309 Urbis
802 5254 942 5309 coaderrdoe
955 5255 1045 5323 euspi-

253 5324 316 5389 ciis,
331 5340 362 5377 oc
382 5324 415 5379 ts
432 5324 574 5378 vulturibus
592 5326 712 5396 quonium
731 5326 782 5381 teu
803 5341 884 5379 aanor
907 5325 1043 5379 incolumis

253 5397 406 5522 firmiores
424 5393 535 5476 populus
554 5393 695 5459 lienteum,
715 5395 749 5449 ad
767 5394 833 5452 1200
851 5403 1042 5465 peruenturum.

281 5479 339 5534 upus
351 5467 469 5521 vatrernri
483 5476 616 5520 memores
633 5464 761 5531 lirunani,
776 5465 883 5521 Alarico
897 5467 924 5520 in
940 5464 1043 5520 italiam

251 5530 385 5604 bruera,
401 5543 430 5591 ut
443 5534 604 5590 Claudianus
616 5533 650 5590 de
669 5534 741 5590 bello
760 5532 851 5592 Gmioo
870 5535 978 5602 scribit,
990 5535 1042 5593 Ur·

292 5678 460 5753 'lladrianus
471 5692 592 5749 Valesius
603 5692 664 5748 Ber.
677 5690 797 5746 Frmrcie.
810 5691 856 5746 lib.
866 5706 892 5760 v,
905 5707 965 5762 pag.
976 5691 1041 5757 eat,

253 5769 335 5831 scribi
348 5768 402 5822 vau
420 5765 505 5822 lien.
525 5761 603 5836 (lide
618 5762 685 5821 inira
698 5760 839 5860 notamad
855 5777 941 5822 carm.
952 5761 1004 5830 ιδ.
1019 5778 1046 5824 ι.

1096 1895 1126 1952 ln
1145 1896 1220 1952 vultu
1236 1895 1369 1967 speciem,
1387 1893 1477 1964 patulo
1490 1893 1590 1964 ieiunia
1606 1895 1674 1952 rictu

1097 1986 1252 2055 Taiientes;
1267 1989 1322 2059 jam
1338 1986 1543 2057 iamqueitener
1561 2000 1610 2057 spe
1622 1987 1762 2059 [frangitur
1778 2002 1880 2060 agnus,

1098 2083 1185 2152 Atque
1200 2081 1298 2137 absens
1313 2080 1393 2135 avido
1411 2080 1525 2150 crepitat
1540 2080 1595 2152 jam
1614 2081 1704 2152 preda
1721 2083 1822 2154 palato.

1134 2176 1204 2244 Quin
1223 2185 1251 2232 et
1267 2176 1441 2232 Aremoricus
1457 2175 1572 2247 piratam
1587 2177 1694 2237 Saxam
1711 2187 1812 2236 tractus

1097 2272 1246 2343 Sperabat,
1260 2271 1303 2327 cni
1322 2271 1393 2341 pelle
1406 2271 1492 2328 salum
1509 2257 1617 2329 sulcare
1636 2274 1794 2329 Britannum

1096 2365 1200 2431 Ludus,
1215 2376 1241 2421 et
1256 2372 1348 2420 assuto
1367 2363 1490 2432 glaucum
1508 2379 1582 2420 marc
1601 2364 1704 2422 lindere
1722 2365 1821 2422 lembo.

1097 2455 1218 2512 Trarrsus
1234 2455 1399 2512 Germanum
1415 2455 1549 2525 primurn,
1569 2457 1730 2527 belgamque
1742 2457 1891 2514 secuudum

1097 2551 1258 2617 sternebat,
1272 2550 1449 2621 liberumque
1465 2550 1544 2606 lerox
1560 2552 1710 2609 alamanne
1729 2554 1840 2610 bibebas

1097 2642 1227 2699 Romanis
1242 2640 1321 2712 ripis,
1337 2650 1364 2697 et
1380 2651 1494 2713 utroque
1510 2643 1642 2712 superbus
1658 2644 1684 2699 in
1704 2659 1770 2714 agro

1100 2732 1111 2773 l
1131 2734 1179 2791 Vei
1194 2734 1275 2801 civis,
1287 2733 1329 2790 rel
1343 2734 1429 2791 victor
1443 2748 1514 2791 eras.
1527 2734 1580 2791 Sed
1596 2736 1700 2805 perdita
1714 2751 1828 2793 cernens

1097 2825 1241 2882 Terrarum
1258 2825 1363 2895 spatia,
1382 2826 1510 2896 princeps
1526 2826 1583 2897 jam
1600 2826 1743 2897 blaxiruus,
1758 2843 1839 2885 unum

1097 2921 1175 2991 Quod
1194 2922 1244 2979 luit
1259 2921 1287 2978 ia
1308 2920 1406 2990 rebus,
1426 2921 1600 2996 peditumque
1616 2926 1790 2997 equitumque
1806 2927 1892 2998 magi-

1363 3038 1365 3047 ¹
1760 3019 1857 3093 [strum

1097 3105 1137 3163 Te
1153 3106 1219 3169 sibi.
1235 3107 1325 3175 erite,
1342 3106 1428 3179 legit:
1448 3108 1538 3165 collati
1552 3125 1647 3167 rumor
1662 3112 1771 3168 bonoria

1060 3186 1084 3248 C
1101 3199 1205 3256 invertit
1217 3199 1457 3269 agricolam,'llexi
1472 3200 1536 3257 dum
1552 3201 1622 3258 lortc
1636 3202 1732 3274 ligonis

1100 3289 1216 3346 Exercet
1235 3289 1347 3357 dentes,
1366 3290 1407 3348 rel
1425 3291 1515 3362 pando
1530 3306 1631 3363 pronus
1644 3302 1736 3350 aratro
1785 3300 1790 3311 “

1099 3380 1181 3454 3143
1191 3381 1278 3439 Vertit
1294 3384 1461 3440 inexcoctam
1475 3400 1524 3457 per
1536 3387 1644 3458 pinguia
1661 3386 1754 3458 jugera
1771 3386 1894 3461 glebam,

1103 3473 1152 3532 Sic
1168 3473 1303 3546 quondarn
1319 3474 1354 3531 ad
1371 3478 1467 3547 patrie
1488 3492 1532 3535 res
1549 3477 1647 3535 lractas
1665 3492 1767 3551 pauper
1782 3487 1872 3536 arato·

1100 3702 1143 3758 bis
1157 3703 1262 3760 ruinam
1277 3704 1448 3775 metuebant,
1460 3705 1511 3762 etsi
1524 3720 1656 3761 annorum
1672 3720 1814 3761 nurnerum
1828 3721 1897 3761 non-

1098 3772 1162 3830 dum
1177 3776 1327 3845 explerant.
1346 3777 1451 3845 tupiter
1465 3776 1627 3833 Sidoniamrs
1640 3776 1745 3847 augurii
1764 3788 1895 3832 eventum

1099 3846 1150 3901 sub
1164 3846 1234 3902 Aetli
1253 3858 1280 3903 et
1295 3847 1475 3903 Valentiniani
1494 3846 1596 3903 eaedem
1616 3847 1772 3917 impendere
1792 3850 1896 3904 denun-

1098 3916 1164 3999 tiat,¹
1176 3931 1229 3988 quo
1243 3926 1363 3986 tempore
1375 3917 1441 3974 urbs
1460 3920 1544 3973 Roma
1558 3918 1633 3975 mille
1647 3919 1779 3975 ducentos
1798 3919 1893 3989 paucis

1100 3999 1180 4042 tants
1195 3999 1360 4044 excesserat.
1661 4016 1664 4020 *
1944 4030 1949 4039 -

1138 4058 1282 4129 ‘Tempus
1299 4067 1388 4127 notat,
1407 4073 1569 4132 causamque
1587 4058 1670 4115 delati
1685 4058 1763 4115 dsito
1782 4072 1831 4130 per
1844 4057 1897 4114 Pc-

1102 4129 1220 4185 tronlum
1244 4129 1388 4185 blaximum
1411 4130 1514 4185 militiae
1538 4130 1695 4202 magisterii.
1718 4129 1795 4186 Caso
1819 4129 1894 4186 enim

1099 4208 1161 4269 post
1180 4199 1249 4255 aletii
1268 4215 1361 4257 necem
1376 4199 1581 4269 Valentiniano,
1601 4215 1663 4258 enar
1684 4201 1817 4256 blarimus
1833 4216 1897 4270 pur·

1099 4283 1195 4340 puram
1208 4270 1355 4338 induisset,
1369 4272 1498 4328 oonliouu
1511 4272 1598 4328 exorti
1612 4278 1676 4326 sunt
1687 4272 1714 4325 iu
1725 4271 1813 4327 Gallia
1825 4270 1894 4326 rarii

1099 4348 1189 4397 motus
1213 4338 1374 4412 Gothorum,
1401 4343 1551 4411 Saxonum,
1579 4342 1656 4415 133
1671 4341 1836 4398 Branoomm
1862 4352 1893 4397 et

1098 4411 1319 4466 Alamannorum.
1343 4412 1383 4469 sd
1403 4427 1471 4483 quos
1495 4414 1626 4469 sedandos
1650 4412 1718 4468 nibil
1742 4414 1891 4468 consultius

1097 4480 1185 4536 visunt
1199 4481 1416 4552 blaximo,quam
1428 4484 1575 4539 ataricum
1588 4483 1705 4556 peditum
1715 4483 1892 4555 equitumque

1096 4564 1146 4621 per
1159 4549 1260 4607 Gallias
1273 4553 1430 4623 magistrum
1443 4562 1557 4611 crearet.

1137 4619 1147 4659 l
1163 4621 1373 4679 Alamannorum
1386 4624 1459 4680 enim
1479 4624 1558 4681 sedes
1576 4626 1603 4680 in
1617 4625 1714 4681 Suesia
1730 4633 1804 4681 trans
1820 4626 1893 4680 llbe-

1097 4705 1173 4747 num.
1189 4690 1266 4749 Nunc
1279 4692 1374 4750 libano
1397 4695 1508 4766 trajecto
1530 4696 1682 4751 citeriorem
1741 4710 1811 4766 nque
1833 4696 1889 4750 Bo-

1097 4775 1239 4818 manurum
1259 4764 1344 4834 ripam
1364 4764 1536 4831 infestabant.
1556 4765 1647 4837 ltaque
1670 4767 1697 4821 in
1731 4781 1773 4833 ao,
1792 4766 1891 4834 idest,

1098 4831 1126 4888 ia
1145 4831 1282 4891 Gallicana
1303 4835 1428 4902 victores,
1455 4835 1483 4892 in
1505 4835 1664 4893 Germanica
1687 4851 1767 4908 quam
1790 4836 1893 4892 dudum

1097 4902 1261 4968 incolebant,
1273 4905 1346 4962 cives
1356 4915 1444 4962 erant.
1457 4906 1511 4963 Sed
1526 4921 1579 4963 non
1594 4907 1679 4964 inulto
1693 4915 1753 4976 post
1766 4907 1793 4962 in
1809 4908 1893 4964 Galli-

1096 4988 1191 5031 canam
1204 4990 1311 5047 quoque
1322 4977 1517 5048 immigrarurrt,
1532 4986 1669 5048 totamque
1680 4978 1752 5033 illam
1768 4977 1892 5033 blasima

1096 5042 1283 5117 Sequanorum
1305 5057 1408 5118 partem
1432 5059 1598 5118 occuparunt
1616 5064 1677 5119 quur
1699 5062 1715 5103 a
1737 5046 1834 5103 Bbeno
1856 5050 1893 5101 ad

1096 5113 1190 5172 iuram
1205 5132 1289 5187 usquc
1307 5128 1426 5174 montem
1442 5119 1607 5189 porrigitur:
1625 5121 1668 5173 cni
1687 5127 1715 5173 et
1729 5132 1808 5173 norae
1829 5118 1893 5173 dla-

1096 5188 1214 5243 manniae
1228 5203 1327 5245 nomen
1342 5187 1473 5244 lecerunt.
1489 5189 1526 5243 Be
1536 5204 1588 5259 qua
1603 5188 1710 5259 quidem
1723 5182 1892 5243 Gisrireiraaa

1095 5270 1144 5312 seu
1157 5256 1259 5313 Gallica
1274 5258 1447 5324 Abritannia,
1469 5266 1524 5314 tum
1544 5260 1588 5315 alii
1612 5259 1728 5329 passim,
1743 5268 1800 5313 tum
1822 5259 1890 5314 Gre-

1091 5327 1188 5450 ¹gorius
1202 5327 1367 5383 Turonensis
1386 5330 1413 5382 in
1429 5327 1487 5383 llita
1506 5328 1554 5385 SS.
1575 5328 1695 5399 Lapicini
1710 5340 1738 5385 et
1750 5329 1865 5384 Romani
1885 5348 1891 5381 :

1115 5397 1152 5450 llo
1166 5395 1285 5453 lorensis
1304 5398 1398 5452 deserti
1416 5408 1525 5465 temeto,
1546 5416 1604 5472 quta
1626 5401 1692 5455 inter
1710 5398 1892 5471 Burgundioni

1096 5467 1326 5538 alamanniamque
1338 5469 1398 5537 rito,
1410 5469 1538 5526 erratice
1548 5473 1669 5543 adjurent
1679 5471 1783 5528 orituri.

1097 5691 1175 5836 {itii
1195 5693 1310 5754 Baomus
1328 5696 1466 5795 sirmond.
1485 5699 1583 5768 editor,
1606 5695 1710 5770 praelat.
1734 5695 1769 5754 ad
1789 5705 1857 5757 tout.
1872 5696 1893 5766 l,
