4080 6348
160 3525 170 3607 j
250 3550 319 3608 pare
333 3535 484 3604 viaticatus,
508 3550 571 3592 cum
597 3535 746 3606 gratiarum
773 3534 879 3591 actione
899 3535 1041 3592 remeabit.

263 362 319 431 lisa
901 369 1269 429 siooutiteouututnts
1853 377 1911 435 soe

262 500 341 553 mus;
356 500 416 555 quta
424 485 588 540 vicinaretur
598 482 758 539 innocentiae
773 482 896 542 testinata
911 490 1053 544 correctio.
1067 491 1095 550 A
1107 501 1200 545 coram
1224 488 1379 544 narratione
1397 487 1549 558 patefaciet.
1576 486 1642 544 Natu
1663 487 1816 558 prudentias
1838 496 1909 551 satis

262 578 358 652 ilequc
380 579 454 635 enim
473 574 631 647 ¹quisquam,
654 574 736 632 etiam
753 575 806 633 sibi
831 578 901 635 bone
920 582 1054 648 conscius,
1108 578 1208 652 ebriat,
1235 578 1373 651 epistolari
1394 577 1519 635 iormuln
1545 578 1665 635 debitam
1692 580 1908 641 concinnitatem

260 667 631 742 plusiaccreprasumpsit;
647 667 745 737 siquis
761 678 850 726 tamen
874 680 970 727 restrae
994 686 1056 727 cor·
1107 670 1246 743 plurifario
1265 685 1393 729 sermone
1414 672 1563 743 porrigere.
1585 671 1657 729 Sane
1677 673 1908 744 quiasecundutu

259 764 396 834 reptionis
410 761 524 817 orbitam
535 776 588 817 non
604 761 713 832 reliquit
734 780 741 815 :
761 763 861 834 quippe
874 778 934 820 cum
952 779 985 822 ca
998 764 1055 837 ipsa
1106 762 1150 819 rel
1163 760 1277 827 notius,
1293 763 1335 818 rel
1346 761 1445 833 iudicia
1467 771 1590 830 terreus,
1613 762 1706 819 soleat
1719 764 1797 837 107
1809 764 1909 837 liuius·

260 869 323 926 quac
342 852 474 924 legimus,
497 853 634 922 parcentis
655 854 737 908 verba
766 867 907 922 censurae,
930 856 1055 912 maxime
1106 856 1178 911 modi
1198 854 1323 912 homines
1346 857 1471 912 bonestas
1492 855 1593 913 babere
1612 870 1725 925 causas;
1741 866 1768 914 ιιι
1791 872 1905 931 qunque

259 945 463 1003 emendationis
475 945 649 1001 incitamenta
660 945 723 1000 sint.
739 943 806 1001 llam
819 947 881 1018 quid
897 956 1056 1019 potestesse
1107 952 1184 1018 potes
1199 944 1278 1015 bajus
1294 944 1433 1013 laboriosi,
1443 946 1494 1004 etsi
1521 946 1662 1019 impugnas
1672 947 1825 1019 perfidiam,
1841 965 1908 1021 pro

260 1038 447 1110 castigationis
463 1038 576 1108 bujusce
590 1047 685 1094 tenore
698 1041 853 1110 pretiosius,
871 1041 898 1097 io
913 1056 965 1113 qua
986 1031 1056 1099 torto
1106 1050 1225 1107 rutilare
1239 1051 1392 1107 bettonem·
1414 1038 1517 1096 Mentor
1531 1039 1618 1096 nostri
1632 1054 1694 1098 esso
1709 1040 1840 1114 dignate,
1854 1043 1907 1101 do-

259 1142 374 1203 peccato
383 1132 490 1188 animus
503 1146 585 1203 eger,
601 1132 702 1205 reperit
715 1132 880 1191 intrinsecus
892 1135 1053 1204 remedium,
1106 1127 1179 1184 mine
1190 1141 1269 1200 mill·

259 1216 323 1283 cum
348 1242 400 1283 non
421 1227 526 1282 ualeret
543 1226 713 1283 extrinsecus
735 1228 857 1284 invertire
885 1228 1055 1285 convicium?
1383 1224 1549 1282 EPISTOLA
1567 1225 1625 1283 llll.

259 1320 338 1388 Qtrod
349 1329 484 1391 superest,
497 1319 683 1389 obsecramus,
699 1329 730 1377 ut
748 1306 843 1378 crebra
862 1324 985 1379 oratione
1007 1337 1055 1394 per
1196 1311 1320 1371 Sidonios
1331 1315 1434 1372 domino
1448 1333 1523 1391 popa
1537 1315 1551 1355 ‘¹
1564 1317 1678 1375 Patienti
1689 1321 1808 1381 ratum.

259 1428 339 1484 quam
353 1413 427 1470 uitiis
439 1411 563 1468 omnibus
575 1412 693 1470 immane
706 1412 894 1482 dominamini,
917 1428 967 1469 nos
986 1428 1054 1485 quo·
1141 1405 1245 1476 Aliquis
1257 1407 1373 1479 aliquem
1384 1450 1392 1474 .
1405 1424 1456 1481 eto
1473 1410 1549 1467 illum
1562 1412 1697 1483 praecipue
1706 1422 1773 1485 putu
1787 1431 1838 1472 suo
1856 1418 1901 1472 ri·

259 1521 314 1577 que
336 1508 406 1563 sicatt
427 1504 600 1576 evangelicos
619 1520 712 1577 magos
735 1520 871 1564 remeasse
884 1507 1054 1562 manifestum
1104 1510 1169 1554 sere
1188 1498 1261 1554 bono
1282 1497 1328 1569 qui
1341 1498 1407 1555 risit
1419 1500 1509 1557 alieno
1523 1519 1530 1555 :
1543 1502 1642 1573 quique
1657 1503 1776 1560 lidelium
1790 1504 1901 1562 calarui·

257 1607 312 1663 εει,
328 1598 371 1653 rei
381 1598 437 1667 gom
452 1611 524 1653 nuno
547 1597 684 1667 pereiram
711 1599 780 1654 riam
790 1614 899 1655 mmmm
912 1600 939 1654 in
963 1598 1055 1654 norro.
1105 1599 1174 1647 tates
1188 1591 1416 1664 indigentiamque
1429 1595 1591 1664 miseratus,
1606 1596 1671 1653 iacit
1682 1597 1709 1653 in
1721 1598 1801 1655 terris
1815 1615 1900 1670 opera
1967 1612 1975 1623 ·

257 1703 319 1744 rum
331 1690 444 1759 patriam
455 1689 544 1746 redire
553 1688 668 1746 inclutis.
677 1688 897 1747 Penenmiseram
905 1691 975 1762 quod
987 1706 1055 1760 prae·
1104 1683 1247 1741 coelorum.
1269 1685 1404 1753 Quorsum
1419 1686 1471 1742 ista
1490 1686 1548 1743 bac
1561 1727 1568 1753 ,
1583 1686 1690 1756 inquisl
1703 1687 1743 1746 'l'e
1764 1692 1900 1751 senseritis

258 1782 418 1838 tereundum
446 1782 557 1838 minime
583 1781 643 1837 luit.
666 1782 745 1853 Agite
768 1784 869 1854 gratias
893 1782 1051 1838 innocentio
1105 1791 1184 1847 quam
1197 1777 1407 1848 [ιιιῑὶῐῐιθιιιιιι
1423 1777 1887 1850 beaussims,<peut;cmmensuro

244 1873 398 1942 ·spectabili
412 1874 483 1940 uiro,
495 1874 541 1944 qui
554 1881 585 1929 ut
597 1875 798 1945 erumpemus,
813 1874 936 1946 gnaviter
947 1890 1048 1931 morem
1065 1867 1138 1930 ilcit
1151 1866 1204 1923 illis
1219 1875 1321 1922 tantum
1337 1868 1543 1926 necessitatibus
1556 1883 1636 1941 opem
1651 1871 1724 1928 lerre
1737 1888 1804 1942 quas
1818 1889 1899 1932 nore·

256 1967 490 2039 gessitiojunctis.
504 1967 607 2025 llcmor
622 1969 707 2025 nostri
726 1982 787 2026 csse
800 1969 920 2040 dignare,
942 1963 1050 2026 dominc
1100 1959 1154 2024 ³1⁸3
1173 1960 1272 2029 quiqrre
1294 1974 1380 2032 ”llil
1407 1961 1434 2016 1¹¹
1456 1961 1571 2018 “lium
1595 1963 1727 2021 mim
1749 1964 1898 2024 thlimm

254 2072 337 2133 W,
1099 2051 1220 2108 caritatis
1233 2052 1328 2124 indage
1339 2063 1480 2123 porrecta,
1493 2054 1568 2126 prius
1582 2057 1656 2113 soles
1667 2057 1837 2130 indigentum
1853 2076 1899 2118 re·

1099 2143 1203 2215 spicere
1211 2159 1318 2212 causas,
1330 2160 1409 2216 quam
1417 2145 1694 2218 inspicerepcrsoaas.
1706 2149 1810 2207 Nullius
1819 2151 1899 2210 obest

1100 2236 1223 2291 tenuitati
1242 2236 1451 2308 debilitatique,
1471 2239 1493 2293 si
1515 2248 1541 2294 te
1562 2247 1690 2311 expetam
1712 2256 1765 2298 tina
1783 2244 1897 2313 'possita

535 2152 710 2210 epistota
729 2153 764 2208 x.

340 2244 464 2302 Sidonios
478 2246 583 2301 donnino
598 2260 671 2316 popoe
683 2253 697 2282 ⁸
707 2243 830 2301 Censorio
843 2245 961 2300 salntem.

283 2337 672 2397 Gerulumlitterarumleritlci
679 2338 780 2393 ordinis
789 2338 1046 2395 ltonestatolllcium.
1098 2340 1159 2382 ΜΠ)
1171 2328 1304 2397 praevenis
1316 2329 1439 2386 imbibit
1454 2330 1543 2397 illum.
1560 2333 1606 2401 (llll
1622 2346 1674 2389 ¹¹⁰¹·
1689 2334 1805 2392 valuerit
1817 2337 1851 2392 ad
1868 2346 1897 2394 lo

238 2430 307 2490 ’11ῑο
324 2445 385 2487 clim
409 2431 510 2488 familia
531 2443 580 2486 gua
602 2429 810 2499 depraedlliloltls
826 2432 905 2502 1oe
926 2429 1047 2486 Gothico}
1098 2420 1211 2492 pedibus
1226 2423 1377 2492 pervenire.
1398 2421 1506 2478 transit
1519 2423 1546 2478 lli
1563 2424 1674 2480 ’dilenlss
1688 2427 1841 2494 provincias
1853 2429 1896 2485 Vi·

254 2522 391 2579 turbinem
403 2523 501 2591 vigam,
518 2522 545 2576 jn
559 2521 723 2577 territorium
742 2530 862 2577 vogn-um
879 2522 1063 2589 delatugggts
1097 2513 1206 2583 gilanlia
1222 2520 1266 2568 luti
1282 2522 1328 2569 tel
1343 2514 1370 2587 iit
1383 2514 1434 2571 litis
1449 2529 1522 2571 cuim
1536 2516 1714 2573 luaelalilutlu
1724 2518 1895 2591 diffunditur,

253 2613 325 2685 ipso,
335 2624 366 2671 ut
375 2616 415 2672 sic
425 2614 584 2682 dixerimus,
599 2613 719 2684 pondere
730 2614 799 2683 luga
813 2630 820 2679 ;
836 2614 883 2670 ubi
902 2614 929 2668 in
952 2628 981 2669 re
1001 2614 1047 2669 Ec.
1097 2614 1127 2658 ut
1151 2605 1229 2674 longe
1243 2605 1393 2674 positorum
1418 2608 1576 2663 consoletur
1596 2610 1758 2680 angustias:
1784 2623 1812 2668 et
1832 2612 1895 2672 binc

253 2706 344 2763 clesiae
353 2707 397 2762 cul
410 2706 538 2763 sanctitas
552 2716 597 2761 tua
611 2700 748 2777 praesidet,
773 2721 882 2776 parvam
896 2715 1045 2762 seruantem
1101 2693 1168 2761 luit,
1180 2703 1210 2748 nt
1222 2696 1284 2765 quia
1298 2697 1395 2753 crebro
1402 2706 1428 2753 te
1436 2712 1489 2753 ¹1⁰ss
1502 2698 1591 2756 minus
1602 2699 1745 2757 absentum
1758 2718 1894 2761 inmun·

254 2800 446 2857 semiconfecto
460 2799 555 2871 cespiti
581 2799 684 2856 aduena
706 2799 815 2871 ieiunus
842 2799 952 2868 injecit:
968 2799 1045 2870 culus
1096 2788 1152 2857 dia,
1171 2804 1250 2860 quem
1273 2801 1437 2860 pressatum
1452 2790 1618 2860 querimonia
1635 2774 1736 2862 morit,
1750 2810 1824 2867 sepe
1837 2806 1894 2855 ter·

252 2905 289 2947 ex
302 2891 389 2947 solido
402 2890 561 2962 colligenda
573 2889 631 2948 lieri
646 2890 697 2946 sibi
707 2891 813 2961 copiam
828 2900 935 2947 exorat.
959 2891 1044 2959 Quem
1095 2881 1165 2951 §015⁸
1180 2896 1272 2939 eorum
1298 2883 1449 2955 lacrymas,
1474 2897 1588 2954 limium
1610 2885 1706 2942 oculos
1721 2900 1775 2944 nou
1790 2889 1892 2946 rideo.

252 2984 276 3040 rt
287 2983 443 3040 domesticis
455 2981 518 3039 odei
534 2982 660 3055 depensa
680 2983 846 3040 humanitate
867 2982 990 3051 formos,
1017 2984 1043 3038 pl
1095 2973 1196 3030 Omitto
1210 2974 1255 3029 illa
1270 2990 1329 3044 qtlae
1339 2976 1459 3046 qnotidie
1476 2985 1587 3047 propter
1602 2977 1779 3036 delectionem
1793 2982 1892 3040 urium

251 3086 303 3142 est,
316 3074 499 3132 uidebitaml
513 3075 600 3146 glebae
617 3089 749 3135 canonem
773 3090 824 3132 oon
847 3085 964 3146 petatur,
986 3083 1044 3131 tan·
1095 3078 1315 3140 pauperatorum,
1330 3069 1481 3141 irrequietis
1495 3071 1596 3127 toleras
1609 3072 1742 3142 eactrbiis,
1754 3077 1891 3145 precibus,

251 3173 309 3223 tum
322 3166 411 3225 lucelli
423 3166 568 3236 praestitura
582 3167 633 3223 sibi
647 3175 786 3237 computat
801 3166 937 3238 peregrini
951 3166 1042 3222 bonai·
1094 3160 1232 3230 expensis.
1246 3160 1350 3216 Omitto
1362 3169 1388 3217 te
1399 3161 1447 3216 tali
1458 3175 1566 3232 semper
1576 3177 1656 3233 agere
1665 3171 1891 3237 temperamento,

251 3261 305 3324 nis,
320 3268 350 3314 ut
359 3272 468 3324 census,
482 3259 521 3315 sic
539 3259 795 3329 animusangustus,
820 3272 853 3314 ac
875 3258 900 3313 si
914 3260 941 3313 in
955 3260 1041 3329 patrio
1054 3235 1078 3301 0
1093 3252 1133 3307 sic
1157 3266 1264 3322 semper
1282 3253 1441 3321 humatum,
1469 3253 1508 3309 sic
1533 3255 1694 3311 abstemium
1711 3255 1846 3327 iudicari3
1861 3270 1891 3317 ιιι

252 3348 314 3405 solo
327 3349 515 3404 rusticaretur.
530 3347 596 3404 lluic
608 3349 631 3404 si
643 3347 800 3418 legitimam,
816 3357 845 3404 ιιι
858 3363 918 3405 mos
931 3360 982 3420 est,
999 3365 1043 3406 so-
1093 3356 1199 3404 coostet
1214 3347 1294 3420 108
1305 3347 1487 3405 indesinenter
1501 3362 1591 3418 regem
1602 3361 1762 3419 praesentem
1776 3352 1890 3423 pnndia

249 3441 382 3499 lotionem
393 3440 543 3512 peremguae
557 3441 656 3513 segetis
677 3440 826 3512 indulgeas,
844 3450 970 3512 tanquam
981 3443 1053 3514 opi··
1094 3447 1154 3508 tua,
1169 3444 1289 3513 reginam
1302 3441 1413 3497 laudare
1433 3441 1546 3511 ieiunia.
1561 3440 1665 3498 Omitto
1686 3453 1712 3499 te
1725 3453 1800 3500 uoto
1813 3447 1889 3502 cultu

1092 3532 1234 3589 ecclesiam
1247 3532 1292 3589 tibi
1308 3532 1438 3589 creditam
1453 3542 1667 3605 convenustare,
1689 3546 1718 3592 ιιι
1729 3534 1836 3595 dubitet
1847 3542 1889 3596 ln·

249 3627 305 3684 Per
324 3641 404 3700 quem
419 3626 497 3683 sinte
510 3627 581 3698 stylo
600 3627 688 3683 solitae
709 3611 872 3698 dignationis
892 3627 1041 3698 impartias,

249 3719 317 3775 mibi
344 3718 559 3791 fraternitatique
577 3720 639 3776 istic
663 3719 742 3789 sitae,
770 3721 865 3806 pagina
896 3727 939 3777 lua
958 3721 1040 3777 ueluti

248 3810 332 3883 paula
341 3810 415 3883 lapsa
425 3810 604 3884 reputabitur.
629 3810 732 3868 Memor
745 3812 830 3868 assui
843 3826 905 3869 esse
918 3811 1040 3884 dignare,

1092 3632 1200 3695 spector
1211 3625 1306 3680 melius
1320 3639 1355 3680 ne
1365 3639 1433 3680 nora
1447 3639 1530 3696 opera
1544 3636 1720 3697 corisurgant,
1734 3642 1768 3684 an
1779 3636 1888 3688 vetusta

1094 3726 1263 3788 reparentur.
1280 3715 1380 3773 Omitto
1393 3732 1441 3788 per
1454 3728 1480 3774 te
1498 3717 1621 3788 plurimis
1636 3719 1703 3776 locis
1717 3720 1894 3783 basilicarum.

1094 3810 1269 3868 solidamenta
1280 3826 1460 3884 consurgere,
1478 3822 1635 3869 cmamenia
1649 3812 1790 3885 duplicari.
1804 3814 1888 3893 Guar-

1093 3904 1243 3976 quemulta
1255 3905 1283 3961 la
1303 3914 1375 3961 statu
1390 3904 1453 3962 ildei
1468 3904 1521 3961 tuis
1535 3905 1893 3979 dispositionibusaugcaa··
1943 3942 1950 3952 -

1094 4006 1147 4065 tur,
1158 3998 1244 4054 solum
1256 3997 1447 4054 baereticorum
1459 4011 1599 4053 numerum
1613 3998 1697 4054 minui
1710 4015 1718 4055 a
1731 4009 1809 4070 teque
1820 4015 1893 4075 quo·¹

320 4092 444 4152 Sidonios
458 4090 563 4148 domino
576 4108 650 4165 papa
665 4091 836 4149 adtentiore
849 4093 967 4149 minuar.
1092 4090 1156 4147 dam
1170 4097 1270 4147 vertetu
1290 4089 1449 4160 apostolico,
1466 4088 1537 4146 ieras
1550 4098 1562 4127 ι
1576 4088 1795 4147 Pirotlnianornm
1810 4107 1885 4150 men·

284 4181 405 4244 Judaeum
425 4199 544 4256 presens
563 4185 657 4240 cbarta
676 4184 870 4241 commendat:
893 4200 948 4241 non
969 4185 1040 4257 quod
1093 4192 1134 4240 tes
1156 4183 1316 4254 spiritalium
1340 4180 1562 4253 pradicationem
1583 4181 1706 4239 cassibus
1730 4183 1892 4254 implicare,¹

211 4290 216 4299 ’
248 4279 316 4339 milri
337 4277 442 4349 placeat
460 4290 536 4332 error
560 4290 609 4344 per
630 4290 709 4347 quem
725 4276 977 4345 percuntlnroluti3
991 4276 1039 4333 sed
1093 4281 1173 4344 atquc
1187 4281 1263 4330 atuo
1277 4271 1406 4329 barbaros
1416 4272 1473 4343 jam
1485 4272 1634 4345 sequaces,
1649 4274 1756 4345 quoties
1769 4264 1893 4353 conon-,¹

249 4374 313 4444 quia
331 4370 466 4426 neminem
488 4369 608 4438 ipsorum
622 4381 671 4422 nos
686 4367 766 4423 decet
780 4382 814 4422 ex
828 4381 890 4422 asse
900 4367 1040 4425 damnabi·
1092 4373 1190 4422 cuntur
1201 4364 1298 4433 nerito,
1318 4378 1372 4419 non
1395 4363 1471 4420 exire
1490 4364 1618 4437 vestigio,
1630 4363 1718 4422 donec
1730 4380 1778 4423 cos
1792 4381 1807 4421 a
1821 4381 1890 4438 pro,

247 4462 303 4520 lem
318 4462 492 4533 pronuntiare
506 4460 570 4515 dum
584 4460 661 4515 sirit.
685 4458 714 4514 ln
733 4473 782 4530 spe
794 4460 866 4516 enlm
887 4460 976 4517 adbuc
991 4462 1040 4518 an-
1092 4454 1175 4511 luado
1186 4451 1291 4526 gurgite
1305 4452 1406 4510 erroris
1417 4452 1589 4512 leticissimus
1600 4456 1750 4513 animarum
1767 4458 1883 4527 piscator

247 4552 391 4611 solutionis
405 4559 447 4608 est
460 4593 468 4619 ,
481 4550 528 4627 cui
548 4550 666 4621 suppetit
686 4562 766 4620 posse
779 4552 911 4607 conuerti.
927 4552 993 4620 Quae
1003 4554 1039 4609 sit
1092 4546 1250 4606 extraxeris.
1267 4545 1301 4602 lit
1314 4544 1411 4602 borum
1426 4546 1515 4618 aliqua
1527 4555 1615 4603 nmen
1631 4562 1692 4604 cum
1709 4548 1818 4621 reliquis
1828 4549 1892 4637 ιοι·ὶ

247 4659 313 4704 rere
344 4642 496 4709 neronisul
519 4643 617 4709 series,
637 4643 696 4713 ipse
720 4642 820 4700 rectius
837 4639 1137 4715 ipreseatancallsaa
1154 4644 1377 4704 communicanda
1399 4644 1521 4718 collegis.
1539 4645 1606 4703 iliud
1620 4655 1709 4703 autem
1728 4645 1821 4703 deberi
1835 4646 1882 4704 tibi

248 3903 358 3962 domine
369 3918 448 3979 papa.
522 3980 525 3985 Ι

529 3994 695 4054 usisibus
713 3997 759 4054 iil.

283 4793 297 4824 ι
312 4773 443 4856 Episcopo
458 4771 680 4847 antisiodorensi,
695 4793 729 4835 ao
738 4794 819 4864 quem
831 4779 934 4839 Ruricii
952 4784 1033 4854 epist.
1042 4776 1062 4788 ”
1071 4777 1187 4855 'scopin
1200 4782 1226 4838 in
1239 4781 1361 4853 epistolis
1375 4783 1467 4841 Fausti
1481 4798 1513 4840 ac
1527 4782 1631 4848 lucidi,
1642 4792 1669 4838 ct
1680 4782 1707 4839 ia
1722 4784 1890 4859 martyruis-⁴

248 4856 276 4922 l,
290 4856 337 4912 lib.
351 4871 380 4921 u,
395 4864 423 4911 et
434 4853 581 4911 Gonsnntii
603 4853 754 4924 presbyteri
781 4851 877 4920 slusa,
897 4854 925 4910 in
946 4854 1036 4913 ironic
1106 4857 1143 4912 io.
1159 4853 1224 4910 Nam
1239 4869 1254 4907 a
1269 4853 1491 4925 Lugdunensibus
1503 4854 1559 4910 suis
1578 4855 1763 4911 anniuersario
1776 4855 1822 4911 dic
1835 4870 1891 4921 co,

246 4926 376 4984 librorum
391 4925 425 4982 de
450 4925 511 4980 llita
527 4924 558 4981 S.
578 4920 714 4980 Germani.
730 4921 784 4979 Sed
806 4930 920 4996 uterque
934 4924 1035 4984 Gensu·
1100 4931 1152 4982 itur
1175 4941 1203 4979 ιιι
1225 4925 1284 4981 idus
1298 4925 1479 4996 Septembres.
1508 4924 1592 4994 Hujus
1616 4940 1681 4981 uero
1697 4924 1802 4982 Sidonii
1822 4927 1889 4999 epi·¹

246 4999 316 5053 rium
330 5006 417 5055 vocat.
1087 4997 1184 5064 stola,
1201 4996 1383 5067 Patientisque
1395 4997 1514 5069 episcopi
1536 4996 1738 5065 manillcentia,
1758 4997 1880 5054 meminit

281 5066 350 5124 ¹’lta
362 5067 423 5123 libri
437 5066 493 5135 lere
503 5080 608 5131 omnes,
619 5066 793 5137 neumatis:
807 5075 837 5123 nt
857 5067 976 5124 carmine
986 5067 1032 5135 25,
1088 5067 1232 5139 Gregorius
1250 5066 1352 5123 Turoa.
1369 5067 1417 5124 lib.
1440 5083 1487 5133 ιι,
1502 5081 1527 5123 c.
1541 5067 1588 5122 at.
1603 5066 1654 5123 ilbi
1664 5081 1725 5123 cum
1741 5066 1838 5123 tamem
1853 5068 1879 5124 in

248 5137 358 5194 Gaurana
374 5139 540 5209 petimurque,
564 5136 754 5209 reddimurque.
772 5136 908 5201 &nonem
923 5140 1031 5209 proprie
1086 5138 1400 5209 Burgundiagrassatam
1414 5138 1520 5204 scribit,
1532 5138 1710 5211 confirmata
1744 5155 1787 5193 cru
1803 5154 1819 5191 a
1838 5138 1878 5195 st·

245 5210 313 5265 dixit
326 5210 494 5279 pensionem,
510 5223 570 5279 quae
584 5207 697 5264 debetur
714 5222 748 5262 ex
760 5208 860 5278 praedio
871 5208 1029 5280 emphyteu-
1083 5210 1166 5267 doario
1186 5208 1405 5278 Burgundionum
1423 5208 1508 5265 intelli
1528 5207 1535 5221 '
1552 5226 1559 5261 ι
1582 5206 1722 5264 Gundebal
1744 5223 1789 5264 um
1805 5208 1879 5265 scili-

245 5282 484 5405 tlcertxaearmr'ns
507 5292 615 5405 munliaco,
626 5283 825 5406 gomanni&
839 5287 1029 5407 magam&
1080 5290 1235 5408 mitigem
1251 5278 1372 5349 lugduni
1397 5278 1488 5335 sedem
1511 5223 1639 5335 ffabaism
1657 5279 1713 5351 jam
1737 5290 1800 5336 noto
1821 5296 1879 5336 ιιιο-

244 5371 353 5406 mtto
384 5372 451 5407 nott
476 5370 522 5405 m-
1119 5370 1126 5408 l
1191 5393 1199 5408 ο

244 5373 379 5490 publicum
395 5371 515 5490 arigim.
792 5390 801 5416 ’
825 5363 842 5420 q
1121 5432 1133 5461 ι
1153 5422 1325 5479 Αιιιιιοιιιιιι.
1352 5418 1409 5475 lioc
1422 5420 1495 5475 enim
1515 5431 1593 5477 crant
1608 5418 1825 5492 Burgundiones,
1850 5406 1891 5476 ia'

280 5502 293 5532 ι
314 5492 424 5547 lacertas
437 5489 509 5545 sedis
522 5489 659 5560 episcopo.
674 5488 740 5544 Naar
757 5489 934 5547 Toroacensis
948 5491 1029 5548 Eleu·
1081 5492 1179 5564 quibus
1191 5493 1224 5546 ad
1241 5500 1342 5547 recum
1363 5490 1442 5545 iidem
1466 5491 1641 5548 traducendis
1661 5492 1800 5549 laborabat
1825 5490 1876 5546 Pa-

244 5563 347 5619 tlrcrlus
366 5562 401 5618 de
413 5575 467 5631 quo
481 5559 637 5631 quibusdam
651 5561 725 5616 venit
735 5560 763 5617 ln
777 5570 905 5629 mentem,
917 5562 1029 5618 Sidonio
1082 5565 1162 5619 tiens.
1171 5561 1350 5629 Petilianistae,
1363 5560 1527 5628 Plautiniaai,
1540 5562 1694 5631 Bonosiaci,
1709 5562 1761 5619 etsi
1771 5562 1888 5633 aliqua-¹

242 5633 494 5704 videturaliquanto
510 5629 592 5686 luisse
603 5631 746 5701 posterior.
1080 5642 1158 5689 tenus
1174 5633 1312 5702 diversos,
1329 5643 1457 5701 cognatos
1467 5643 1556 5690 tamen
1567 5648 1633 5689 cunr
1644 5633 1752 5689 Arianis
1767 5647 1876 5689 errores

277 5701 293 5742 ὖ
312 5704 446 5773 Episcopo
459 5700 640 5774 lugdunensi,
653 5701 686 5756 de
700 5716 754 5770 «ruo
766 5702 846 5771 epist.
863 5702 908 5770 lb,
925 5702 971 5759 lib.
984 5719 1026 5773 rt,
1078 5704 1173 5759 sectati
1185 5711 1271 5774 sunt,
1287 5712 1417 5760 annnam
1436 5701 1546 5762 Glaristo
1563 5705 1766 5774 generationem
1783 5702 1873 5760 detra·

242 5781 272 5831 ct
285 5775 378 5830 ultima
400 5774 447 5830 lib.
471 5789 506 5829 ts.
522 5771 547 5828 is
564 5780 606 5827 cst
622 5772 655 5827 ad
669 5786 749 5842 quem
762 5770 850 5827 iiam
861 5775 889 5828 S.
901 5773 1028 5830 Germani
1078 5773 1182 5833 beatos.

242 5845 542 5914 scrursitGonstantius,
553 5844 682 5914 cujusque
695 5857 794 5904 numen
804 5843 874 5901 inter
886 5842 954 5900 aiios
971 5846 1029 5916 epi·
