4082 6348
117 384 151 447 'li
762 378 1004 439 uuistuuuittttt
1022 378 1087 437 Lis.
1107 375 1134 436 Ι.’
1711 380 1745 436 tt

119 502 230 571 diserto,
256 500 317 571 pari
336 507 425 556 tamen
438 486 545 568 edoctu,
568 495 643 568 quasi
666 512 720 553 uno
732 502 863 553 concentu
877 493 903 549 iu
917 496 944 558 Δ
956 494 1148 549 cummendare
1164 506 1217 547 nun
1232 492 1483 563 pessinunsium
1498 494 1541 549 tei
1552 494 1654 567 paginis
1668 510 1746 556 mau-

119 595 217 652 isudeer
238 591 343 664 proprii
366 588 482 647 aucturis
500 596 664 658 erumpunt,
702 597 730 644 et
744 586 902 657 potentiam,
957 585 1023 642 dare
1035 572 1192 641 ceremon
1716 568 1720 583 '

118 702 192 759 quotu
211 696 339 756 proruere
360 689 506 752 nequeunt.
529 679 629 736 sentire
647 693 677 735 se
699 676 825 748 produnt.
847 675 904 732 iios
1258 696 1365 756 gpffl.
1387 698 1442 754 pu·

118 791 229 847 mmmm
242 785 366 845 nonore
379 772 467 828 coneo
480 771 554 827 einis
571 770 676 842 spectes
688 766 903 839 moritiurepa·
955 787 1066 843 unnim
1085 801 1133 844 ene
1154 787 1316 859 miserim
1338 788 1365 842 n
1387 788 1487 843 cnseo
1507 798 1615 863 mtrem
1635 791 1745 851 umen

118 881 198 929 rator.
213 869 251 925 Et
260 865 390 940 quidquid
399 866 426 922 io
442 880 475 921 eu
488 864 541 920 sito
554 863 717 936 squalidum,
731 861 832 931 irigure
845 869 903 915 tur·
1219 860 1338 929 episcopo
1354 858 1484 913 ltorinins.

118 965 215 1027 bidom.
225 961 314 1033 glacie
326 966 492 1023 concretum,
503 956 624 1015 nuditate
636 954 768 1023 deiurme,
777 953 903 1010 ariditate
990 949 1076 1020 Οιιιιιι
1090 964 1135 1007 me
1148 950 1260 1023 diligere
1280 958 1372 1005 sancta
1396 950 1489 1020 pictus.
1509 958 1537 1007 ct
1556 953 1598 1024 pie
1617 955 1744 1012 strictius

118 1062 306 1128 premortuusu
321 1051 451 1107 buctcnm
470 1046 531 1114 luit,
550 1047 584 1103 ad
598 1047 683 1104 instar
696 1044 904 1102 resoneetiunis
955 1054 1043 1101 vestra
1066 1044 1190 1118 dignetur
1211 1046 1371 1103 multimodo
1393 1047 1514 1119 probetis
1535 1045 1652 1115 edoctu,
1677 1048 1743 1103 dum

117 1146 241 1217 emergit;
267 1154 298 1200 ut
321 1144 407 1199 discat
428 1142 544 1197 bumana
565 1138 695 1209 fragilitas
708 1138 742 1194 de
756 1135 902 1193 visibilibus
954 1135 1066 1207 legende
1078 1138 1269 1205 transmittitis,
1295 1151 1322 1195 ct
1335 1139 1454 1210 neglectu
1468 1138 1608 1211 corrigitis,
1623 1139 1745 1196 dilectio·

118 1236 268 1300 instituitis,
289 1242 318 1292 et
330 1234 364 1291 de
378 1230 555 1302 presentibus
576 1231 664 1284 lotura
688 1240 860 1298 cognoscere,
876 1233 904 1282 et
954 1242 1016 1284 netu
1027 1227 1162 1299 diligendo
1173 1231 1340 1300 provocarim
1357 1241 1384 1287 et
1398 1230 1469 1303 quod
1483 1231 1742 1301 praedieutisrcrbis,

117 1345 188 1402 spem
202 1324 450 1385 eeutummelioris
463 1322 560 1386 mistis,
570 1319 690 1391 deposita
703 1316 903 1388 desperatione,
954 1317 1057 1374 docetis
1079 1322 1221 1391 exemplis.
1242 1322 1295 1378 scd
1316 1324 1441 1395 qnoniam
1463 1306 1554 1380 semen
1579 1334 1696 1380 restrum
1717 1325 1744 1380 in

118 1420 254 1492 percipiat.
268 1417 345 1474 Neue
356 1416 436 1472 edam
451 1415 530 1470 totins
543 1412 629 1469 sterili
649 1410 737 1480 rigore
750 1409 902 1477 condones,
941 1397 1026 1464 'terra
1041 1411 1283 1469 sterilictdumosa
1297 1429 1350 1469 nuo
1365 1414 1480 1482 prolicit,
1490 1423 1582 1485 utpote
1591 1431 1651 1486 qum
1662 1416 1744 1471 senti·

117 1512 188 1582 qnasi
201 1510 274 1568 uirili
287 1506 391 1565 semiue
404 1505 455 1561 bue
469 1519 552 1559 seruo
565 1511 687 1573 tempore
699 1509 840 1571 conceptu,
855 1514 903 1557 uc·
954 1498 1005 1557 bus
1015 1505 1280 1572 supercrescentibus
1297 1505 1494 1574 induceremus
1512 1490 1582 1563 sicut
1599 1506 1744 1564 inirttctoo-
1848 1521 1852 1526 ⁷

117 1603 192 1661 eultie
200 1602 325 1658 sturitate
338 1597 481 1664 messibus,
494 1608 578 1650 renas
596 1594 668 1649 laxet
687 1592 720 1647 sd
736 1599 853 1662 partum.
870 1589 905 1646 dt
954 1580 1246 1653 samillomlicoioe'am
1259 1597 1400 1670 mejubeut
1412 1598 1646 1669 borninusrineee,
1664 1614 1745 1671 quom

117 1695 175 1753 ltine
182 1691 259 1766 quod
272 1691 376 1749 deliciis
387 1703 480 1752 suere,
494 1686 565 1757 quud
576 1685 636 1742 esui
655 1683 744 1748 dulce,
760 1683 830 1753 quod
842 1681 903 1737 usui
955 1692 1031 1741 tanto
1044 1693 1166 1758 tempore
1179 1688 1357 1761 nequidquam
1378 1698 1525 1761 exspectat,
1538 1689 1674 1757 abscindi;
1698 1705 1745 1747 ros

116 1789 188 1856 stile,
199 1784 273 1857 quod
284 1784 366 1841 victui
379 1780 572 1847 necessarium,
583 1775 655 1848 qnod
667 1774 735 1831 rbui
744 1772 902 1845 jucundum,
955 1775 1121 1835 severiorem
1134 1780 1296 1835 sententium
1311 1781 1414 1837 orendo
1425 1780 1542 1850 diderte,
1553 1780 1745 1838 doneeuoeoi·

116 1882 182 1952 qoud
195 1878 308 1934 ullaetai
322 1883 437 1946 grutam,
461 1871 533 1943 quod
556 1869 638 1927 luctui
662 1867 800 1937 blandum,
823 1879 905 1922 uutoe
918 1879 944 1942 Β
957 1883 1000 1925 uas
1024 1870 1149 1927 resumi
1171 1872 1332 1945 pinguedine
1356 1884 1480 1947 tanquam
1501 1884 1579 1931 terrm
1596 1875 1745 1931 amaritudo

118 1971 250 2045 pudescit.
277 1966 415 2039 siquiden
439 1963 499 2020 buc
520 1970 564 2020 eet
588 1962 633 2017 ills
660 1960 821 2031 temperies,
845 1972 905 2028 qum
955 1957 1122 2017 introetonsa
1144 1960 1290 2020 dulcescat.
1314 1963 1367 2021 Sed
1383 1964 1508 2034 quonism
1530 1964 1745 2037 ptossuntepud

118 2064 208 2123 muudi
223 2063 359 2120 meuserit
373 2057 524 2124 miserisne,
548 2053 625 2126 qrrasi
645 2052 733 2109 udbuc
753 2053 780 2107 iu
796 2051 906 2108 incuna-
956 2051 1108 2108 medeiicta
1120 2067 1200 2126 quum
1223 2054 1321 2123 ucrbu,
1344 2070 1395 2113 uec
1417 2072 1525 2128 possum
1549 2058 1618 2115 lecta
1637 2058 1745 2130 expiare

119 2157 183 2214 bulis
200 2164 321 2212 teuerm
344 2152 372 2207 in
385 2147 489 2220 gremio
511 2146 627 2218 quodam
639 2144 855 2201 clementissimis
866 2142 907 2197 si·
954 2143 1140 2211 sermonibus,
1164 2144 1322 2216 obsequium
1341 2147 1436 2203 saltem
1450 2148 1595 2219 epistolare
1610 2149 1745 2219 dependo,

117 2249 188 2305 tricis
199 2245 343 2316 completo
355 2239 484 2306 nutrisit3
498 2234 905 2295 nesotsuntiamnuttotauore
955 2239 984 2289 et
996 2231 1104 2300 librum,
1129 2248 1208 2305 quern
1230 2236 1425 2307 prostiterutis,
1449 2253 1493 2296 me
1506 2239 1642 2296 remisisse
1660 2240 1744 2309 signi·

117 2339 238 2396 duratam
258 2345 307 2392 eut
328 2334 438 2390 testium
459 2330 550 2388 terror
561 2336 698 2394 exureret,
719 2335 766 2381 aut
783 2325 905 2383 hiemalis
954 2321 1016 2378 deo.
1032 2322 1131 2390 litium,
1155 2325 1201 2396 qni
1224 2325 1371 2385 identidem
1389 2330 1486 2386 imum
1500 2330 1593 2387 ugrum
1617 2346 1745 2388 pungne.

117 2432 188 2504 slgur
204 2431 397 2500 essusgueret,
420 2434 467 2481 eut
489 2431 629 2479 tenturum
651 2421 734 2477 ssebre
754 2427 902 2490 portarent.
955 2413 1089 2469 cennos
1103 2429 1158 2471 non
1170 2425 1222 2485 est,
1244 2431 1325 2488 spero
1348 2432 1397 2489 per
1416 2419 1572 2490 portitorem
1588 2418 1681 2475 mamm
1696 2435 1743 2478 m.

118 2524 200 2581 ilabet
213 2523 303 2593 itaque
313 2529 454 2588 susceptus
467 2526 529 2572 tuus
542 2513 825 2571 conuenientissimum
837 2523 906 2569 tem.
956 2503 1036 2559 mitti.
1046 2504 1166 2562 iubesne
1175 2507 1255 2563 simol
1265 2509 1338 2580 quod
1350 2511 1372 2567 si
1383 2511 1497 2583 propitio
1507 2513 1562 2570 lieu
1570 2512 1603 2568 ad
1615 2513 1745 2570 solemni·

117 2630 173 2687 pus,
187 2629 245 2686 quo
267 2611 349 2668 animi
364 2608 488 2667 socordia
508 2606 616 2663 tandem
635 2603 779 2676 aliquando
793 2612 807 2641 ⁸
820 2603 904 2675 depo·
955 2602 1038 2652 tatem
1049 2608 1203 2656 sanctorum
1214 2600 1334 2673 gurdone
1345 2602 1443 2661 obituri
1462 2604 1534 2671 sitis,
1548 2605 1746 2663 recurrentibus

116 2710 174 2777 sita,
186 2705 380 2763 hebetudinem
392 2702 481 2759 cordis
493 2709 616 2758 exacuet.
628 2698 691 2755 Etsi
702 2698 773 2753 inter
783 2696 905 2753 botuines
955 2688 1025 2746 scire
1038 2689 1150 2753 iacietis.

114 2800 266 2858 declamare
278 2813 332 2854 uon
345 2804 444 2867 potest,
457 2795 552 2850 saltem
565 2795 636 2849 iuter
645 2789 761 2863 pecudes
773 2789 902 2857 cluntre,
1255 2830 1365 2889 ENST·
1386 2832 1453 2889 vm·

115 2899 161 2947 ²¹¹⁸
173 2890 246 2947 im
255 2889 378 2946 ΜΝ
387 2887 489 2958 ⁸²⁸³oe
502 2883 620 2940 mina*
894 2984 897 2991 Δ
955 2913 1068 2970 Domino
1077 2932 1125 2972 tuo
1142 2919 1266 2991 peculini
1280 2923 1307 2976 in
1319 2922 1419 2980 Christo
1431 2925 1541 2981 Destino
1556 2935 1666 2999 ραιιοιιο
1677 2937 1689 2968 e
1701 2927 1745 2986 si·

423 3017 531 3074 Eptsq,
553 3015 597 3072 vt,
1176 2990 1254 3047 docio
1265 2994 1383 3064 episeopo
1398 2994 1529 3052 Ruricius.

115 3115 226 3172 domim
237 3121 325 3171 sancte
338 3106 577 3192 etpiistimoibtri
591 3105 738 3176 Nepotiane
758 3105 903 3176 presbytero
991 3099 1204 3161 Proedicantibus
1219 3105 1307 3175 robis,
1328 3109 1426 3179 sepius
1448 3111 1557 3169 audisse
1577 3127 1620 3169 me
1644 3116 1745 3186 recolo,
1815 3095 1818 3103 ’

436 3180 567 3236 mmm·
918 3193 1110 3311 Cnullatenus
1123 3196 1160 3253 ub
1178 3198 1364 3271 iniquitatibus
1384 3216 1435 3259 uus
1456 3218 1536 3275 posse
1555 3208 1672 3276 pungent,
1695 3208 1746 3265 mugi

122 3372 124 3375 ι
147 3296 261 3354 Codices
280 3310 349 3367 quus
371 3292 499 3349 sanctitas
520 3297 609 3346 vestra
630 3286 775 3345 transmisit
800 3286 903 3358 accepi,
957 3284 1087 3343 fuerimus
1100 3289 1212 3346 crimina
1228 3301 1329 3363 nostra,
1353 3297 1517 3353 conscicntia
1538 3311 1746 3371 compungente,

114 3388 265 3459 eloquentia
280 3387 381 3452 clerus,
405 3383 518 3439 scientia
541 3383 684 3454 periectos,
704 3378 825 3436 doctrina
840 3394 906 3452 pro·
957 3377 1084 3434 confessi.
1108 3379 1175 3448 Quis
1189 3383 1271 3449 enim,
1297 3399 1351 3440 nou
1372 3385 1461 3443 diecto
1481 3390 1619 3461 consequi,
1641 3392 1689 3449 sed
1704 3394 1746 3449 nel

115 3480 173 3547 bue,
188 3478 252 3536 tidei
263 3478 379 3547 puritate
392 3475 563 3546 perspicuum
579 3473 623 3545 qui
635 3487 772 3528 sacrorum
786 3472 907 3541 testimo·
957 3484 1080 3540 quaerere
1094 3481 1175 3542 queat
1194 3475 1397 3546 indulgentiam,
1420 3479 1474 3538 nisi
1487 3480 1665 3553 deplorationi
1680 3499 1747 3540 con·

115 3572 218 3629 niumm
234 3570 360 3627 ubertate
374 3567 529 3639 locupletes,
554 3565 712 3620 nuotoritate
736 3572 930 3634 praestantes„
957 3561 1103 3621 lessiooem
1113 3564 1447 3639 enorisadjnngartonia
1457 3586 1534 3629 error
1544 3574 1746 3647 indulgentiam,

115 3661 173 3719 luce
184 3662 330 3733 fulgentes,
355 3658 433 3715 iacile
454 3666 482 3714 et
495 3656 610 3712 ddeliom
627 3664 730 3712 ruentes
742 3654 903 3723 illuminent,
957 3668 1011 3709 non
1034 3653 1201 3726 indulgentia
1221 3658 1333 3730 requirit
1351 3675 1483 3719 errorem.
1506 3663 1582 3731 Quod
1605 3681 1655 3737 ego
1670 3666 1748 3725 vuldo

114 3763 141 3810 et
154 3752 305 3810 infidelium
315 3764 422 3808 errores
429 3750 555 3821 detegant
567 3758 645 3819 utque
655 3748 824 3803 contineant.
834 3749 907 3815 Quo-
957 3759 1048 3801 serum
1064 3760 1124 3803 esse
1138 3761 1315 3819 cognoscens,
1331 3751 1435 3808 fucinus
1450 3768 1539 3809 meunt
1553 3770 1638 3826 nuper
1649 3757 1749 3814 udmis·

117 3860 173 3900 rum
185 3859 236 3915 ego
248 3851 328 3915 gustu
341 3839 486 3896 admodum
503 3836 575 3895 tenui
590 3838 717 3909 pellectos
731 3839 906 3908 potiusquam
957 3851 1029 3905 sitm,
1052 3839 1145 3909 pietati
1167 3852 1266 3897 vestrm
1290 3843 1408 3900 indicere
1430 3861 1482 3900 non
1503 3845 1604 3901 distuli.
1619 3847 1660 3903 Ne
1677 3818 1749 3917 qood

117 3937 242 4001 relectus,
268 3934 301 3989 ud
315 3933 464 3989 sutietatem
477 3939 587 4001 propter
609 3926 802 3986 sollicitudines
815 3927 907 3983 saecuii
957 3930 1038 3986 modo
1050 3930 1180 3999 prodente
1191 3946 1234 3987 ute
1244 3942 1348 4002 spectat
1362 3935 1396 3991 ud
1416 3936 1532 4007 reolum,
1555 3946 1660 3994 tecente
1674 3948 1749 4009 posu.

116 4028 259 4100 pervenire
273 4041 326 4083 uon
349 4025 435 4097 potui.
451 4023 525 4080 Sicut
539 4023 609 4077 eninr
623 4020 778 4076 stumnclrus
791 4034 852 4075 conr
867 4019 908 4075 ie·
958 4020 1067 4076 modum
1081 4023 1228 4090 pertineret
1240 4023 1274 4079 ad
1287 4024 1405 4096 euripum.
1427 4026 1480 4082 Sed
1487 4027 1543 4098 jum
1559 4030 1645 4099 ipsum
1656 4031 1747 4088 dotum

116 4122 204 4178 brium
218 4123 319 4176 ardore
329 4117 499 4187 decoquitur,
515 4113 608 4170 dulces
631 4112 681 4168 sibi
694 4120 756 4167 onte
767 4110 843 4166 cibos
857 4124 907 4167 nec
959 4110 1120 4182 proterimus
1133 4112 1160 4168 iu
1176 4113 1306 4170 medium.
1322 4116 1398 4172 Furti
1410 4132 1454 4172 me
1467 4119 1546 4174 vobis
1557 4136 1632 4176 reum
1647 4131 1747 4192 statuo,

116 4212 220 4268 ⁰b¹²l⁰⁸
233 4225 283 4267 ⁰¹0
295 4208 401 4278 decidii,
423 4220 473 4262 ¹¹⁸⁰
487 4205 601 4277 requirit
615 4203 733 4269 ablutos;
756 4202 792 4258 ill
806 4207 833 4257 el
845 4195 906 4253 ²¹¹1·
959 4212 987 4259 et
998 4202 1153 4274 depositum
1165 4213 1284 4262 restrum
1295 4222 1350 4276 une,
1360 4207 1545 4279 ignorantibus
1556 4212 1642 4281 rolris,
1656 4214 1749 4273 illicite

117 4314 175 4360 ntus
185 4301 331 4358 mundanis
340 4298 518 4354 anxietatibus
531 4297 656 4366 curisque
665 4293 813 4362 conlectus,
827 4288 907 4362 spiri·
958 4298 1163 4368 praesumpsisse
1182 4301 1338 4370 pronuntio.
1351 4302 1436 4371 ‘Quod
1450 4314 1479 4360 ut
1492 4314 1580 4363 tumen
1593 4311 1748 4367 committe-

116 4394 182 4452 ¹²¹⁶
195 4395 282 4462 ⁶²1³ss
295 4406 346 4448 ¹¹⁸0
360 4389 494 4447 desideret
507 4390 642 4453 absentes,
657 4401 707 4442 'lec
720 4384 804 4455 curpit
821 4397 906 4454 ³9⁹⁰·
959 4405 1028 4458 rem,
1039 4392 1211 4449 uccusioucm
1228 4394 1401 4468 perpetrandi
1421 4396 1546 4455 iocinoris
1561 4416 1609 4457 uos
1621 4400 1747 4473 dedistis,

117 4486 191 4551 ΒΜ»
216 4499 268 4540 ¹¹0⁰
289 4482 372 4539 ῦθηῑῑῑ
396 4480 508 4535 infulis·
530 4479 595 4546 0¹¹ae
615 4492 675 4533 ⁶¹¹¹ss
702 4478 737 4531 ¹¹³
762 4490 792 4531 ὅθ
813 4475 841 4530 5¹¹
863 4487 906 4531 ¹¹¹0
958 4492 1005 4541 eut
1019 4492 1152 4543 teomutes
1165 4486 1507 4557 cupidrrm,autiudoctum
1521 4495 1748 4567 erudirecnpim.

107 4576 246 4646 'humanu
256 4584 401 4631 testamen
412 4582 440 4628 et
452 4571 488 4642 pii
500 4571 616 4641 ponentis
624 4569 756 4640 probastis
770 4567 904 4634 adsutum,
918 4612 949 4675 D
960 4584 1010 4634 tm,
1026 4577 1150 4635 eoqugm
1161 4588 1164 4594 ·
1174 4594 1299 4651 ΜΨ,
1323 4598 1402 4653 Μ
1417 4585 1451 4640 de
1465 4584 1547 4642 snm
1562 4602 1623 4643 meo
1636 4587 1748 4647 Lemo

117 4680 144 4725 et
157 4668 268 4725 solliciti
293 4663 413 4736 magistri
435 4661 630 4726 ministerium,
654 4669 680 4715 et
703 4658 787 4715 seduli
809 4658 905 4715 medici
960 4669 1135 4741 mmmmm
1146 4671 1297 4742 jmggfgqg·
1322 4676 1490 4734 ,smmum
1502 4693 1546 4734 me
1560 4679 1655 4736 faleor·
1671 4681 1747 4750 Quod

115 4760 249 4831 implestis
269 4757 399 4818 cilicium,
421 4761 450 4807 ut
470 4752 515 4807 tali
540 4750 619 4806 ttedio
640 4750 770 4805 laboranti
786 4748 903 4805 medico·
961 4760 984 4818 gp
995 4761 1127 4833 probetis,
1142 4759 1157 4800 d
1171 4762 1353 4833 igmmmmmi
1367 4766 1513 4837 imputatis,
1525 4772 1670 4840 agnoscite.
1681 4772 1746 4839 Qnio

117 4864 206 4910 menta
219 4863 339 4919 congrua
355 4845 508 4902 mitteretis.
533 4843 636 4912 Quibus
659 4851 687 4899 ct
700 4851 809 4913 propter
824 4843 908 4913 negli-
961 4851 1123 4909 mmmmm}
1144 4856 1252 4925 queret,
1273 4854 1400 4913 mm·
1425 4857 1492 4914 Nam
1506 4860 1620 4928 mimum
1636 4871 1664 4915 u,
1684 4877 1747 4919 eum

115 4943 237 5014 gentiam
252 4953 340 4995 ineam
359 4950 409 5007 ego
430 4949 484 4992 nou
507 4933 584 4990 euleu
598 4932 724 5004 consequi
738 4933 907 5002 sospitatem.
961 4941 1079 5012 legerem
1091 4943 1213 4998 solentes
1224 4942 1340 5014 impulit.
1361 4945 1462 5003 dende
1475 4948 1521 5004 iile
1535 4960 1563 5005 ot
1586 4950 1746 5009 reensione-

116 5024 906 5113 rmnmenpernptnnatesteremmnemmemeoem,
962 5041 1006 5089 nr
1028 5033 1151 5093 extenti.
1175 5034 1242 5092 uam
1265 5050 1326 5093 een
1350 5037 1385 5095 ιο
1411 5039 1525 5111 rapinis
1553 5042 1636 5112 imin
1658 5045 1748 5104 setino

116 5128 161 5196 qrri
174 5125 261 5182 etiam
274 5134 324 5191 pru
335 5119 446 5188 ingratis
457 5126 548 5189 gretes
566 5115 710 5173 beneroles
728 5116 828 5172 reterre
841 5129 908 5172 eon·
962 5138 1046 5191 penca
1056 5126 1193 5196 libassem,
1216 5127 1305 5185 taliter
1322 5144 1367 5187 me
1386 5139 1466 5202 gustu
1480 5132 1630 5191 illecebrosi
1643 5139 1748 5207 saponis

118 5213 331 5297 recutitorum
345 5222 396 5281 ego
409 5209 582 5279 prolatorum
598 5206 719 5263 codicum
733 5222 826 5274 noum,
840 5209 910 5265 siout
960 5215 1056 5287 illexit,
1068 5225 1097 5272 nt
1110 5218 1189 5287 primi
1200 5218 1399 5291 quodammodo
1418 5225 1537 5292 parentis
1551 5224 1680 5296 imitator,
1694 5227 1748 5284 llo-

115 5305 250 5376 iussistis,
272 5299 381 5367 mundi,
405 5297 487 5353 ulium
499 5298 601 5366 remisi,
616 5312 696 5375 quem
713 5296 743 5355 S.
758 5296 850 5354 Hilarii
867 5298 911 5356 Pi·
961 5307 1034 5363 minu
1056 5318 1166 5378 repente
1179 5316 1346 5382 contemptu,
1370 5310 1403 5367 ud
1422 5314 1573 5371 satietatem
1597 5316 1747 5381 studuerim

117 5410 204 5455 etaim
230 5394 305 5451 urbis
327 5390 456 5447 antistitis
483 5403 544 5446 esse
574 5390 712 5446 noveritis.
743 5388 820 5458 Quod
848 5392 910 5463 quia
961 5397 1116 5467 pervenire3
1140 5399 1278 5471 magisque
1292 5401 1434 5460 consilium
1450 5405 1588 5464 suadentis
1601 5423 1683 5479 quam
1697 5408 1748 5464 im-

116 5487 321 5562 omullus
346 5481 466 5539 ludiim
488 5482 589 5536 milli·
605 5480 684 5536 “⁰¹¹⁶
695 5494 760 5537 sero
774 5488 908 5539 rebellium
961 5489 1064 5560 perium
1075 5488 1238 5547 dominantis
1251 5493 1392 5552 audierim.
1407 5494 1475 5551 Nem
1486 5506 1515 5552 ut
1528 5498 1617 5555 omniu
1631 5498 1755 5570 pecturis

116 5580 276 5655 permittitis
298 5574 461 5646 transierum
484 5574 614 5647 disposui,
635 5584 664 5633 ιιι
681 5574 754 5648 quud
770 5576 907 5635 memoris
961 5580 1014 5637 mei
1035 5595 1132 5636 arcum
1154 5582 1339 5651 munilestem,
1362 5584 1473 5643 uidebar
1494 5588 1560 5645 mibi
1580 5589 1641 5645 iibri
1664 5587 1747 5658 ipsios

151 5734 166 5764 ¹
181 5722 237 5777 lis.
255 5718 286 5802 in·
294 5714 415 5799 margine
424 5715 554 5767 docetote.
998 5713 1746 5801 eiiuitllrrrernurourepisc..isqueceleberrimue.iissre.

151 5794 165 5833 b
181 5793 250 5849 iis..
262 5799 391 5856 γιιιςιιιιιι.
996 5783 1101 5842 tione
1114 5797 1261 5859 ιιςιιιιιιιιιιῑ
1273 5805 1296 5845 ιι
1307 5792 1438 5860 rrnpntotis
1451 5792 1583 5859 ignoscite.

246 5880 382 5942 Pinnos.
413 5873 524 5938 bviii.
1554 5879 1573 5937 3
