4082 6348
258 408 316 468 1³9
923 396 1047 460 turon
1066 394 1229 459 rnnnsrs.
1416 450 1423 461 .
1615 374 1621 383 ’
1845 396 1894 455 iit

262 546 325 589 cunr
340 530 488 602 llenoioqio
508 528 617 597 lienes,
631 533 658 583 ct
681 526 825 597 Gregorius
844 522 955 596 iisqnns
970 524 1051 579 citato
1064 514 1092 585 A
1104 520 1206 576 risonis
1223 516 1333 576 edictis
1352 518 1484 591 episcopus
1502 517 1606 591 scripsit
1629 518 1765 575 oscena
1787 514 1895 573 Arianos

262 622 336 694 ioco)
353 622 398 693 qui
413 621 553 692 prolapsus
568 618 595 673 in
605 619 694 676 cantis
707 618 846 690 flagirium,
860 612 977 674 divinam
993 631 1007 669 a
1023 630 1052 672 se
1103 613 1196 670 librum
1210 626 1289 668 unum
1305 618 1329 666 et
1349 611 1471 683 lonpum,
1485 626 1560 682 quem
1571 607 1707 666 Gesserico
1717 608 1773 681 sepi
1789 607 1895 664 Vardo·

229 688 249 769 v'i
262 716 375 785 qratiam
386 712 529 783 repulsum
540 726 594 767 nun
605 721 695 781 posset
705 709 802 768 exinde
811 711 955 782 quidquam
967 707 1051 781 ioqui.
1104 704 1189 760 lorum
1212 721 1256 777 pcr
1279 721 1339 761 suos
1354 705 1512 791 oudicmirnn
1536 700 1637 773 obtulit,
1649 704 1715 758 sicut
1729 717 1762 757 cs
1773 701 1895 773 proemio

232 814 237 823 ⁴
263 809 303 865 lie
322 806 424 863 duobus
444 805 560 876 idipsum
581 810 673 860 narrat
692 804 856 876 Procopius,
870 800 939 859 baud
951 802 1054 874 absque
1103 797 1161 852 iibri
1176 797 1257 869 ipsius
1278 796 1365 852 didici.
1391 796 1501 867 Scripsit
1524 806 1548 852 et
1571 796 1603 851 de
1625 795 1773 865 paenitentia
1794 795 1897 865 petito

263 900 364 956 erroris
380 906 427 953 aut
443 896 578 953 mendacii
600 897 762 966 suspicione.
783 895 917 953 Ceterum
932 891 976 952 rei
990 886 1054 951 irinc
1104 891 1209 959 librum,
1228 892 1256 946 in
1276 907 1327 963 quo
1339 899 1363 945 et
1382 891 1498 963 reputent
1511 890 1611 947 uiuendi
1629 891 1806 962 pendentibus
1824 891 1898 955 iustu

264 989 397 1044 aestimare
411 987 475 1045 licei
492 1003 574 1060 qnam
589 987 671 1043 ardua
684 990 720 1044 sit
728 987 813 1045 tirius
824 987 953 1053 castitas;
967 993 995 1042 ei
1007 984 1053 1041 ilia
1105 978 1300 1056 scripturorum
1323 984 1501 1040 auctoritorem
1524 984 1614 1040 statuit
1637 998 1647 1039 .·
1668 990 1693 1037 et
1714 983 1750 1037 nd
1771 980 1897 1037 &oliuu

263 1080 402 1151 Cypriani,
413 1080 472 1136 sire
482 1079 606 1150 origenis
620 1080 701 1136 verbu
714 1078 843 1151 replicare
857 1076 926 1133 libro
942 1077 977 1133 de
989 1076 1052 1133 Sin·
1104 1079 1238 1145 quemdum
1248 1091 1326 1147 super
1337 1087 1442 1132 rurortcm
1454 1076 1502 1145 filii
1508 1075 1707 1131 consolatorium
1715 1072 1843 1142 libelissrs,
1852 1088 1898 1143 spe

263 1171 405 1239 gulositate
413 1170 586 1239 clericorum,
596 1170 666 1227 baud
678 1170 756 1242 longo
771 1170 805 1226 eb
818 1169 893 1226 initio
905 1188 912 1223 ι
925 1166 997 1224 diors
1009 1185 1055 1242 per
1105 1170 1296 1227 resunccticnis
1306 1168 1419 1242 perlecto
1435 1169 1602 1224 instructione
1616 1168 1753 1222 counitum.
1769 1164 1899 1222 Hostilius

264 1268 387 1335 {minora
399 1266 482 1321 adbuc
492 1281 575 1338 ,usque
585 1277 728 1337 crassatur.
745 1264 874 1334 licntior,
890 1266 913 1321 si
923 1282 973 1320 noo
985 1265 1056 1320 oide-
1105 1262 1182 1319 &aar
1191 1264 1332 1335 composuit
1340 1263 1444 1330 multos,
1459 1278 1545 1334 puoso
1555 1260 1677 1332 frutribus
1685 1260 1777 1316 solutis
1788 1260 1899 1331 proprie

263 1372 321 1411 mos
335 1356 738 1428 eciodcinteritusplorimorum.
750 1350 848 1426 Quanti
862 1369 885 1415 et
895 1360 984 1431 quoles
997 1360 1054 1431 epi·
1105 1355 1233 1424 sollicitis,
1239 1357 1266 1412 io
1276 1355 1347 1411 libris
1357 1356 1468 1427 dipcstrss
1478 1354 1574 1411 sessori
1587 1355 1703 1427 copoosi.
1718 1354 1781 1410 iisse
1792 1353 1900 1410 Genua·

263 1447 348 1516 scopi,
362 1456 385 1501 et
397 1448 484 1503 clerici
493 1449 569 1504 siorui
579 1458 604 1504 et
617 1450 687 1509 isici.
701 1457 757 1520 post
771 1450 962 1521 confessionum
974 1451 1056 1506 ciclo·
1106 1446 1176 1504 dius.
1190 1442 1266 1518 Quod
1274 1462 1338 1503 uero
1345 1446 1439 1503 Petrus
1445 1445 1585 1517 Equiiinus
1595 1444 1674 1502 adxn
1683 1444 1810 1504 calendas
1819 1446 1900 1502 lisias

263 1540 411 1609 ricromque
434 1538 534 1594 csicots
547 1524 704 1607 certamino,
721 1549 778 1610 post
798 1539 927 1611 meconio
945 1547 968 1594 ct
982 1540 1056 1611 siquo
1107 1540 1165 1612 eius
1171 1537 1274 1597 obitum
1282 1537 1432 1608 adnotavit,
1444 1538 1533 1595 bausit
1547 1537 1662 1596 iortasss
1672 1554 1707 1596 ex
1718 1537 1901 1597 rabuiiscda-

264 1630 305 1685 oei
316 1630 445 1685 mirabilis
464 1646 642 1702 usqorqueqce
658 1639 816 1699 monstrato,
838 1640 979 1686 noscuntur
998 1646 1056 1685 cum
1107 1633 1279 1706 titanisque
1287 1648 1318 1690 ea
1332 1633 1389 1704 ipsa
1399 1632 1443 1688 die
1451 1631 1587 1689 Victorem
1595 1630 1739 1703 quemdam
1749 1640 1902 1691 memorent

263 1720 307 1777 iris
328 1722 445 1777 omnbus
466 1724 649 1795 nosfrupcsse,
670 1738 732 1779 ‘com
744 1722 833 1778 colunt
851 1722 878 1777 in
896 1722 956 1777 noui
970 1721 1057 1793 [rapiti
1108 1723 1145 1780 ibi
1159 1723 1320 1796 depositum.
1344 1725 1384 1781 Es
1396 1722 1448 1781 boc
1465 1723 1539 1781 lonte
1549 1723 1657 1781 turbido
1667 1722 1765 1796 (Petri,
1777 1725 1900 1795 inquens,

266 1815 404 1886 scoiporei
420 1816 536 1880 Quantos
557 1816 642 1871 icones
657 1815 756 1871 domuit
771 1831 825 1871 ono
836 1814 1057 1884 muliebricinir·
1106 1816 1224 1889 Equiiini
1240 1814 1405 1889 testimonio)
1422 1816 1562 1886 multiplex
1575 1815 1603 1872 in
1624 1815 1790 1873 recentiores
1807 1829 1903 1872 mana·

265 1909 342 1963 mins
356 1907 484 1976 delitam
503 1924 561 1981 qno
574 1910 675 1966 comsit
685 1910 742 1965 cilis
759 1920 782 1965 et
797 1909 899 1977 misero,
911 1908 944 1964 dc
955 1908 1056 1981 mopuis
1070 1902 1095 1971 Β
1108 1908 1147 1966 rit
1158 1909 1324 1965 allucinatio.
1342 1907 1448 1969 Etenim
1463 1907 1626 1965 liaurolicus
1639 1905 1725 1964 abbas
1738 1906 1846 1965 siculus
1859 1922 1903 1964 os·
1952 1906 1956 1915 '

264 2000 342 2070 epicis
351 1999 484 2072 memor!
1113 1996 1174 2057 dcun
1188 2000 1232 2057 dic
1247 1999 1347 2071 Aprilis
1359 1999 1486 2070 vigesima
1497 1998 1537 2055 sic
1547 1997 1628 2055 babet
1640 1998 1667 2055 in
1680 2011 1731 2055 suo
1744 1996 1904 2070 martyrolo

557 2091 674 2149 CAPUT
684 2092 762 2153 itit.
1110 2095 1155 2168 gio
1171 2092 1256 2151 :item
1271 2093 1380 2151 Victoris
1392 2093 1600 2167 Cortiopirrcrtsis
1613 2095 1738 2166 episcopi,
1749 2095 1797 2151 siri
1806 2095 1904 2151 doctis·

255 2166 257 2171 ⁵
323 2182 410 2238 Victor
420 2183 552 2253 episcopos
565 2182 677 2239 iliensis
691 2194 841 2239 onscnctus
862 2182 1013 2239 sindicodss.
1052 2258 1061 2267 ἱ
1111 2187 1181 2251 simi,
1195 2197 1307 2259 tempore
1317 2187 1446 2243 Anostosii
1460 2187 1630 2257 imperatoris.
1642 2185 1738 2242 Petrus
1752 2183 1905 2243 Galesirsdss

303 2272 399 2330 Restat
412 2273 526 2344 quresrio
541 2274 611 2330 baud
635 2275 704 2330 ieris
718 2276 864 2344 momenti,
889 2275 924 2332 do
946 2274 1062 2333 lictoris
1111 2275 1248 2336 Victorem
1261 2278 1333 2335 bunc
1349 2294 1381 2335 ex
1396 2277 1599 2348 carthaginensi
1616 2278 1770 2335 Uticensem
1785 2277 1837 2335 sibi
1851 2278 1906 2335 iin-

268 2368 354 2424 nostri
365 2366 522 2437 aporbeusi;
538 2367 573 2424 de
584 2382 637 2437 qua
651 2367 703 2424 boc
716 2375 819 2424 tantum
836 2368 897 2427 dico
910 2411 918 2437 ,
930 2368 1005 2426 nullo
1018 2384 1062 2426 me
1111 2369 1168 2437 xir;
1182 2370 1220 2425 sio
1233 2369 1303 2426 enirn
1321 2370 1354 2425 eit
1364 2369 1397 2426 ud
1408 2368 1532 2441 eumdem
1544 2369 1615 2426 diem
1631 2368 1731 2441 Aprilis
1742 2370 1799 2427 stis
1825 2369 1907 2426 titire

267 2467 312 2515 sut
328 2458 406 2514 ilrmo
425 2459 592 2529 antiquitatis
606 2459 760 2516 testimonio
774 2459 871 2516 inicire
884 2461 956 2518 iliam
971 2470 1061 2532 posse.
1111 2459 1140 2516 io
1154 2460 1253 2532 Africo,
1270 2458 1301 2518 S.
1322 2452 1433 2517 lictoris
1447 2464 1560 2533 episcopi
1572 2473 1597 2518 et
1612 2464 1777 2536 contemmis.
1792 2463 1906 2521 bobiu-

267 2548 334 2608 Scio
345 2550 371 2604 in
385 2547 501 2619 antiquis
513 2550 617 2620 aliquot
630 2550 769 2606 codicibus
783 2549 865 2606 tribui
880 2564 948 2621 opus
959 2552 994 2608 de
1007 2567 1064 2622 per·
1113 2550 1152 2606 rit
1164 2549 1302 2623 Philippus
1318 2548 1459 2609 Ferrarius
1472 2566 1552 2624 qoam
1565 2566 1596 2610 se
1615 2552 1643 2609 io
1657 2563 1761 2629 perrorat
1771 2561 1906 2622 sutores

268 2641 408 2697 secutione
427 2639 552 2696 diricaoa
574 2648 668 2708 sancto
683 2640 783 2697 iictori
800 2643 944 2713 episcopm
956 2641 1005 2698 sed
1020 2642 1063 2699 iric
1113 2649 1257 2713 utrumqne
1270 2642 1340 2721 enirn
1356 2643 1427 2700 bunc
1436 2652 1573 2700 auctorem
1588 2642 1713 2701 ciransin
1727 2643 1851 2716 catuloqo
1861 2658 1905 2716 qe

267 2732 365 2790 titulus
375 2749 390 2786 a
401 2733 574 2801 librariiscst,
588 2746 671 2801 pones
684 2746 751 2804 quos
764 2733 836 2788 nulia
848 2742 890 2790 est
904 2733 1061 2803 auotoritas,
1114 2731 1199 2789 uerali
1218 2743 1372 2791 sanctorum
1388 2735 1433 2807 qui
1452 2751 1507 2793 non
1518 2743 1581 2792 sunt
1601 2736 1628 2792 in
1649 2736 1843 2809 iisrrproioqio
1854 2736 1908 2793 iio-

268 2834 424 2882 sanctorum
443 2824 540 2880 cunoni
558 2838 719 2895 quemquam
735 2824 908 2881 inscribendi.
927 2825 986 2882 iles
1004 2825 1063 2897 qul·
1114 2839 1205 2894 mano,
1221 2824 1356 2884 Victorem
1374 2842 1462 2898 neque
1476 2828 1786 2898 Carthaginensemcum
1801 2827 1908 2885 lauro-

268 2914 332 2973 dem
354 2918 508 2987 conjecture
528 2925 587 2981 cst,
601 2915 675 2972 iilum
689 2916 772 2972 vitum
786 2926 878 2991 sende
901 2918 1023 2989 exegisse
1035 2917 1062 2973 in
1112 2908 1185 2987 nco,
1206 2931 1292 2988 nequo
1305 2932 1366 2974 cum
1383 2917 1522 2991 dsiesirrio
1536 2916 1703 2988 Uticensem,
1718 2917 1769 2978 sed
1780 2921 1807 2977 io
1817 2919 1908 2980 Airita

268 3007 405 3073 Sardinia,
417 3023 478 3063 cum
488 3016 561 3065 esset
569 3008 671 3078 primos
684 3009 857 3081 bysacenum
870 3018 951 3080 atquc
963 3008 1062 3066 ibidem
1114 3007 1270 3081 episcopum
1284 3004 1368 3078 dixit3
1383 3012 1489 3081 utrique
1500 3025 1633 3080 concors,
1644 3020 1672 3068 et
1686 3010 1809 3070 neutrius
1820 3012 1908 3070 errori

267 3099 404 3172 sepultum
414 3115 475 3158 esse
484 3101 554 3158 iuter
563 3109 605 3158 tot
615 3102 681 3158 alios
697 3101 805 3167 heroes,
816 3102 859 3159 rei
873 3102 1006 3170 advenas,
1020 3105 1063 3160 rei
1115 3102 1298 3159 subscribens.
1309 3100 1443 3176 lustrico
1456 3103 1554 3177 (inquit
1570 3104 1615 3160 dic
1627 3104 1662 3163 ιθ
1672 3105 1784 3177 Aprilis)
1796 3106 1828 3163 S.
1848 3105 1903 3163 Vic

267 3192 418 3263 indigenas,
444 3191 589 3262 dequibus
607 3194 691 3247 multa
705 3192 816 3263 collegit
836 3193 955 3251 lacobus
969 3184 1063 3251 Pintus
1116 3193 1179 3249 toris
1201 3195 1324 3268 episcopi.
1340 3193 1376 3251 dt
1398 3196 1531 3253 Baronius
1553 3194 1622 3254 irunc
1638 3196 1756 3269 sopitum
1770 3197 1909 3256 declinere

268 3282 299 3339 in
312 3294 393 3353 opere
405 3282 439 3338 de
449 3281 557 3339 Gbristo
571 3283 711 3353 crncidxo,
723 3282 771 3339 iib.
785 3299 828 3352 m,
840 3286 885 3340 tit.
896 3284 1008 3350 i,loco'
1018 3287 1061 3342 it.
1076 3270 1099 3337 C
1114 3288 1202 3359 nisus,
1212 3285 1284 3343 baud
1297 3281 1363 3343 satis
1375 3286 1470 3343 vitarit
1481 3285 1661 3361 Charybdim
1675 3288 1708 3345 ad
1721 3289 1795 3348 diem
1807 3290 1909 3347 mmsis

272 3371 372 3429 lerum
392 3387 439 3443 por
459 3372 533 3428 initia
556 3375 643 3429 oomni
666 3385 727 3444 post
745 3374 883 3431 Gbristnm
905 3377 1016 3445 saeculi,
1038 3389 1066 3434 et
1117 3378 1229 3449 duqusti
1249 3376 1305 3435 is:
1325 3376 1408 3435 liticoe
1420 3379 1448 3433 in
1464 3378 1572 3450 Africo,
1587 3380 1689 3450 inquit,
1718 3380 1784 3437 besti
1797 3379 1909 3437 Victoris

268 3477 343 3521 anno
361 3464 462 3521 Christi
485 3464 537 3521 tati
554 3464 597 3538 (ut
620 3467 757 3522 existimat
776 3466 893 3539 liniue),
912 3468 1064 3526 Sardiniam
1116 3468 1274 3542 episcopi,·a
1292 3487 1347 3542 quo
1360 3481 1389 3529 et
1405 3472 1584 3543 conscriptam
1600 3472 1744 3531 Histonium
1755 3473 1910 3532 Vandalicis

268 3554 472 3613 deuastantlirus
485 3556 654 3624 sarracenis,
669 3556 707 3613 ita
721 3559 894 3615 turbatisunt
907 3570 946 3617 tot
958 3571 1065 3619 mueto-
1113 3552 1145 3619 in
1172 3558 1262 3618 disice
1288 3563 1485 3634 persecutionis
1511 3564 1628 3620 ullirmat
1645 3564 1672 3623 in
1697 3566 1782 3633 notis3
1801 3565 1836 3620 dc
1853 3580 1910 3639 qus

266 3648 453 3716 nomunculi,
468 3648 756 3705 utmasimoeiliormn
782 3651 865 3718 partis
879 3652 1065 3711 nullarcstcnt
1116 3660 1206 3711 tamen
1222 3650 1331 3712 Victore
1346 3656 1445 3712 mimm
1464 3666 1507 3713 est
1526 3670 1578 3713 nec
1597 3656 1709 3714 uerbum
1727 3657 1787 3715 lieri
1802 3659 1909 3731 uspiam
2022 3718 2023 3721 ,

267 3749 343 3797 sorta
358 3740 490 3811 vestiris,
505 3740 627 3811 adeoque
651 3754 703 3798 occ
721 3742 838 3800 Victoris
854 3745 990 3814 iitensis;
1013 3764 1065 3806 occ
1116 3748 1188 3820 apud
1203 3746 1301 3806 Bedum
1314 3793 1322 3819 ,
1337 3740 1491 3806 Usuardum
1505 3790 1512 3816 ‚
1526 3748 1669 3816 ddonem,
1685 3750 1824 3809 iiabanum
1834 3752 1909 3809 ilau-

263 3832 411 3889 otiosum
436 3833 520 3906 (quod
542 3832 639 3904 scirem
658 3845 781 3892 reserum
802 3838 1004 3911 iiurtproioqiu,
1019 3853 1065 3897 aut
1116 3856 1189 3909 rum,
1212 3841 1333 3912 aliosque
1347 3842 1480 3914 antiquos.
1505 3842 1620 3901 Tantum
1641 3842 1669 3899 in
1689 3842 1812 3901 Usuardo
1835 3845 1909 3902 edito
2022 3890 2023 3913 ,

266 3922 452 3982 blosiusisrum
472 3927 589 3999 antiquae
608 3928 707 3985 tabule
719 3944 780 4000 ane
790 3930 827 3986 rie
851 3931 896 3987 iiio
909 3942 1063 3991 sanctorum
1116 3931 1236 3989 colonie
1248 3930 1282 3987 ad
1292 3926 1522 3999 annumiiilma
1537 3931 1581 3991 die
1592 3932 1702 4006 luqusti
1717 3934 1766 4003 25,
1778 3936 1818 3992 sic
1829 3935 1908 4008 logo:
2022 3956 2023 3985 r

263 4015 474 4091 soris‘uscnpu
491 4019 573 4077 ddum
586 4021 695 4078 iaciant.
711 4022 808 4079 Petrus
820 4023 966 4096 episcopus
979 4025 1064 4097 liqui·
1113 4023 1269 4080 carnonis
1288 4024 1547 4098 terensepocoptes
1560 4026 1805 4099 mniesscrimcum
1815 4035 1909 4087 buren

266 4108 340 4167 linus
355 4111 382 4166 io
396 4111 520 4183 catalogo
528 4123 684 4171 cunctorum
699 4115 747 4170 lib.
760 4131 804 4182 rr,
814 4130 876 4185 cap.
894 4118 942 4185 iit,
959 4116 1061 4190 Victor,
1114 4113 1232 4173 lictoris
1257 4128 1305 4173 scu
1318 4114 1431 4173 Victorii
1444 4114 1653 4175 &comanensis
1668 4119 1840 4177 meminerint
1854 4122 1910 4179 slis
2022 4186 2023 4189 Ἴ

266 4200 374 4273 inquit,
401 4203 640 4274 Gartirapirscasiunr
671 4206 803 4276 episcopus
835 4210 924 4278 {locuit
953 4218 1065 4281 tempore
1115 4209 1305 4282 iiartyrologia
1325 4211 1358 4265 nd
1382 4209 1515 4267 calendas·
1527 4211 1705 4283 Septembris.
1720 4211 1749 4268 ln
1762 4212 1814 4283 boc
1826 4213 1910 4287 igitur

267 4290 400 4346 mussi
424 4292 585 4361 imperatoris
608 4310 618 4348 s
643 4295 688 4363 qui
708 4294 852 4363 preclarus
874 4295 1013 4350 uirtutibus
1039 4306 1064 4352 ct
1096 4302 1198 4356 -iotius
1212 4302 1378 4373 antiquitatis
1401 4300 1530 4373 silentio,
1547 4318 1631 4362 sacrae
1641 4302 1911 4378 Rituumcoussreqa·

268 4378 1061 4453 doctnoossit.Admsosdrionoscornposus'ttibrrrmumrm.
1115 4389 1182 4446 tioni
1210 4392 1416 4463 expendendum
1436 4394 1628 4465 relinquimus,
1653 4411 1716 4453 num
1741 4397 1833 4454 Victor
1860 4413 1910 4456 seu

266 4468 308 4526 Dc
324 4468 471 4539 poenitentis
492 4472 586 4526 librom
605 4487 703 4539 unum,
727 4474 754 4527 in
767 4488 819 4544 quc
835 4476 938 4531 cisenbi
949 4478 1063 4549 requiem
1115 4476 1248 4550 vitensis,
1263 4485 1323 4541 sire
1342 4482 1475 4542 Uticensis
1487 4486 1647 4559 episeopus,
1665 4498 1758 4545 auctor
1770 4489 1861 4561 operis
1875 4489 1912 4548 de
2022 4524 2023 4533 κ

267 4561 534 4633 mmdiosjucto
545 4560 740 4634 Scriptorumm
748 4568 929 4622 corruentem
936 4568 1061 4625 mestos.
1114 4566 1305 4640 Persecutlone
1315 4573 1496 4633 diricancsub
1506 4575 1643 4636 Geiserico
1652 4588 1680 4637 et
1690 4572 1825 4639 liuderico
1834 4580 1910 4639 Van·

267 4654 311 4711 siri
325 4652 452 4708 Booten
473 4656 608 4725 quendam
630 4672 708 4728 super
732 4666 839 4714 motem
861 4661 1061 4718 consolatorium
1074 4638 1236 4721 Diuorum
1248 4666 1366 4738 regibus,
1379 4665 1600 4742 rileriudicstus,
1615 4679 1644 4731 et
1656 4670 1683 4732 ln
1696 4678 1852 4731 sanctorum
1862 4684 1910 4729 ca·

265 4745 365 4803 tticum
374 4761 472 4813 muro,
486 4763 531 4817 spe
543 4748 737 4803 resurrectionis
751 4750 901 4821 perlectum,
913 4763 936 4808 ct
949 4752 1061 4811 instruc·
1112 4768 1214 4817 bouem
1227 4759 1326 4817 retatus
1340 4761 1445 4819 censeri
1459 4762 1553 4834 possit.

266 4836 337 4893 done
357 4836 494 4893 munitum.
507 4836 638 4894 Homiiins
653 4840 796 4908 etiamque
807 4844 956 4915 struicibus
969 4847 1060 4906 subtis

266 4932 379 5002 proprior
392 4931 521 4998 sollicitis,
534 4932 562 4987 in
574 4931 645 4987 libris
657 4934 761 5005 dipcstoe
772 4940 1013 5005 senoniensium
1022 4958 1058 4998 ιιι
1396 4915 1513 4975 CAPUT
1530 4917 1613 4977 m·

265 5018 388 5077 rabodus
395 5019 462 5076 licii
472 5021 556 5077 cornis
566 5021 680 5077 bitom
687 5025 772 5080 soluit.
784 5027 883 5084 iletuiir
896 5030 946 5086 ists
959 5032 1057 5091 Petrus

266 5128 298 5169 es
312 5113 462 5184 bennadio,
487 5129 548 5184 oap.
575 5116 631 5182 ii,
661 5118 710 5173 scd
732 5133 828 5189 paruus
852 5122 973 5191 sincere;
992 5142 1056 5181 nom
1146 5128 1250 5188 unm,
1264 5121 1299 5174 cd
1315 5119 1426 5178 iictorb
1441 5120 1552 5179 i'ilensis
1563 5124 1677 5197 episcopi
1689 5140 1754 5197 opos
1767 5126 1799 5181 cie
1813 5120 1910 5181 Perse-

265 5202 403 5262 Viclorem
430 5222 479 5276 pro
503 5206 679 5266 Gmtenuoffl
703 5211 867 5271 umnume
884 5216 1056 5275 cesariensis
1081 5256 1085 5273 .
1148 5191 1249 5247 ΨΜ
1262 5191 1396 5263 ‘inim

265 5295 393 5366 episcopo
407 5297 515 5367 scripsit
529 5298 788 5371 Carthaginensem
809 5315 836 5361 et
849 5307 976 5367 itoruisse
989 5312 1059 5368 dicit
1142 5326 1230 5389 tiisuc
1238 5329 1370 5380 renaumm
1376 5327 1510 5381 lectionum
1517 5329 1597 5381 deseri
1616 5333 1708 5382 tionem
1716 5331 1826 5383 consulto
1832 5334 1911 5384 omit·

265 5390 387 5456 tompore
413 5389 547 5446 dnasusii
568 5390 758 5463 superauctis,
780 5408 842 5453 cum
863 5398 898 5455 sd
917 5403 1057 5472 rupem.
1111 5388 1187 5439 timue
1206 5393 1292 5453 utpote
1313 5389 1401 5442 iecrorl
1419 5391 1521 5443 minime
1542 5393 1595 5443 desi
1672 5392 1740 5457 itcm‘,
1760 5390 1910 5448 misertum

265 5468 584 5540 tisisericiiasdaiorum
598 5489 670 5557 repis
678 5495 1055 5560 tempomessetreierendus.
1110 5446 1655 5581 pggagxrffiffiugngnfmumm
1663 5455 1691 5508 h
1702 5454 1748 5509 Μ
1759 5456 1841 5509 m
1853 5452 1899 5506 ω

266 5569 433 5633 ὓσιιιιάιιιι
445 5572 532 5647 ipsun
541 5575 608 5634 audi
624 5595 631 5632 z
647 5576 742 5649 Victor,
758 5584 810 5652 ait,
831 5583 965 5644 (Ξιιιιιιω
977 5588 1055 5648 iios·

420 5818 441 5844 -.
488 5792 538 5825 o„
611 5763 1554 5825 Q

1116 5046 1911 5121 Vuriontcsotiquotlcctiorrcsescodicems.cortisssioePor·
2022 5044 2023 5113 ζ
