4062 6350
148 374 201 433 8³5
705 365 750 422 ns
769 359 899 421 curun
919 355 992 423 oet,
1012 356 1099 426 cre..
1119 358 1183 415 tur.
1204 359 1236 416 ιι.
1729 357 1781 412 ⁸5,

146 501 209 546 oute
227 484 384 544 remanendi
405 478 508 553 jttstitia
524 496 577 537 non
593 479 712 536 iacebit.
737 480 772 533 Et
795 485 936 547 propterea
952 474 977 534 li
992 470 1121 528 sociamus
1147 480 1276 553 astutum.
1293 472 1460 544 Simplicctu,
1486 485 1520 527 na
1545 472 1643 527 ntslum
1666 471 1781 528 callidus

60 622 64 627 -
147 595 239 639 sermo
253 578 360 636 diuinus
380 577 408 632 iu
431 590 480 647 spe
494 574 648 630 laborisstti
672 572 787 643 positum
811 567 940 624 describit
993 564 1237 630 inierat3astutom
1253 580 1294 619 ne
1318 566 1441 621 incautus
1464 563 1594 619 irtcttrrot.
1612 562 1780 619 iusittuetnus

150 671 307 743 agricolam,
324 670 360 724 ita
371 664 565 724 dicenstiicer
575 663 691 735 oprimis
704 668 831 733 aspectat
844 658 940 729 pretio·
990 659 1015 713 ei
1030 656 1154 714 aiieetum
1170 657 1244 723 doni,
1263 656 1429 713 intellectum
1456 656 1532 720 moli,
1548 665 1576 710 et
1593 657 1669 725 jutta
1683 656 1782 725 gttlter·

148 774 290 821 rsmterroe
299 757 569 832 [emtumrttresipict
583 744 940 827 commenmendationes
991 750 1129 806 nationem
1145 758 1265 805 nostram
1281 747 1467 820 permittamus
1477 762 1537 802 eum
1554 748 1580 802 iu
1596 762 1677 803 montt
1690 748 1780 803 cousi·

150 854 224 926 (ier.
237 843 941 924 r).iiuidesttemporiruttrlqtridserotinauti'ietu·
992 846 1022 902 iii
1036 846 1078 902 sui
1098 860 1130 902 ac
1144 845 1245 916 proprii
1265 843 1291 900 in
1312 842 1434 900 libertate
1454 840 1558 912 judicii.
1580 840 1689 898 Tractat
1711 841 1782 898 iuter

151 945 241 1020 periri
253 946 356 1000 iructos
370 949 432 998 sunt
445 954 514 1012 quos
524 938 666 1011 stipendiis
686 937 788 992 miiitiae
801 933 941 1007 presentis
992 943 1051 1001 rm
1065 957 1157 1001 mum
1173 942 1316 1013 gapuanus,
1338 940 1382 997 eni
1399 941 1470 996 inest
1482 949 1510 995 et
1522 935 1781 1009 praenestinorum

150 1039 325 1111 acquirimus·
342 1032 460 1093 Scrotini
474 1043 537 1090 ⁸1¹¹st
550 1020 617 1104 quos
628 1041 690 1101 9⁰⁸²
702 1029 842 1086 emeritam
855 1027 941 1082 iiiii·
992 1037 1107 1109 agimus,
1117 1035 1187 1106 qood
1199 1048 1262 1091 eom
1275 1032 1388 1088 arbitrio
1397 1046 1447 1088 stro
1458 1030 1637 1103 permittimus
1648 1027 1782 1083 liberum?

153 1140 239 1190 tutem
250 1129 277 1185 in
292 1128 363 1183 iiiios
377 1126 468 1183 seculi
481 1124 656 1186 retributione
666 1122 815 1194 capitaliti-
825 1118 941 1187 Templi·
992 1127 1021 1183 ln
1036 1126 1139 1197 peccati
1153 1125 1229 1182 deria
1254 1123 1449 1194 praenominans
1466 1122 1650 1186 transiturum,
1672 1127 1700 1175 et
1712 1134 1784 1189 prar-

151 1222 204 1281 riri
216 1229 280 1279 stutt
292 1221 360 1276 iides
379 1226 460 1289 alque
473 1217 613 1274 sinceritas
627 1215 728 1281 cordis,
744 1208 941 1281 tenetuentia,
993 1218 1067 1274 tiosos
1080 1216 1151 1272 doun
1162 1216 1273 1272 iacturae
1287 1227 1481 1271 conrersurnm
1490 1226 1550 1268 esse
1562 1210 1740 1284 praevidemus
1749 1208 1782 1264 od

155 1315 278 1385 corporis
302 1310 495 1383 temperantia,
518 1316 687 1379 contemptos
712 1304 786 1373 maii,
809 1305 942 1375 appetitus
993 1308 1171 1364 instromenta
1182 1305 1318 1378 trequitio.
1335 1305 1369 1361 Et
1384 1303 1445 1361 ideo
1457 1304 1480 1358 si
1494 1303 1598 1374 oposiu
1613 1316 1647 1359 eo
1661 1311 1782 1357 nostrum

152 1406 230 1474 honi,
253 1403 431 1476 mnuuiiliits
449 1399 673 1465 mansuetudinis,
689 1398 789 1470 puritas
802 1397 942 1453 castimtis.
992 1400 1117 1456 solemus
1140 1413 1201 1456 esse
1225 1405 1395 1469 perpetuum,
1412 1394 1538 1451 tollamus
1561 1393 1586 1450 ei
1601 1393 1635 1450 de
1651 1400 1783 1464 potestate

152 1496 270 1555 serotini
287 1495 388 1550 lroctus
402 1501 465 1549 sunt
482 1491 622 1562 acquisitio
635 1505 724 1547 rerum
740 1486 941 1553 immortalium,
993 1498 1143 1563 martum.
1161 1490 1232 1546 nteit
1240 1489 1362 1560 justicia:
1381 1487 1439 1542 iton
1453 1488 1488 1543 ita
1508 1494 1559 1541 est.
1573 1485 1631 1541 Non
1653 1484 1784 1554 contpetlt

152 1587 299 1645 haereditas
310 1587 471 1650 caelestium,
487 1585 634 1655 proprietas
646 1594 819 1639 aeternorum.
829 1581 867 1636 iic
880 1579 942 1650 qui·
993 1581 1097 1652 iegiiros
1115 1581 1215 1637 nostris
1232 1589 1262 1634 ιιι
1276 1582 1299 1635 is
1312 1593 1391 1651 quern
1410 1576 1581 1634 acontmriis
1601 1583 1709 1646 oportet
1723 1589 1785 1644 pro·

152 1681 204 1735 irus
219 1678 338 1736 dicitur:
354 1676 410 1731 Nec
425 1676 513 1731 renim
525 1675 600 1742 sidit,
620 1689 666 1730 uer
687 1674 758 1729 coris
771 1672 881 1735 ordiris,
897 1685 943 1725 tter
993 1675 1062 1742 bari,
1077 1673 1112 1730 de
1127 1674 1230 1728 uiribus
1244 1671 1310 1728 'suis
1330 1687 1384 1727 non
1398 1671 1486 1741 possit
1499 1669 1619 1742 agnosci.
1634 1668 1692 1723 lion
1708 1680 1784 1721 rom·

152 1772 178 1827 ita
189 1786 235 1825 rer
246 1769 358 1825 dominu
370 1768 496 1836 aseendit,
510 1783 567 1837 etto
580 1767 734 1838 praepararit
757 1764 828 1819 Dect
850 1763 891 1818 iris
900 1763 944 1833 otti
995 1767 1074 1836 petit,
1088 1763 1268 1835 inconmodo
1277 1763 1380 1849 iegiirus
1394 1762 1506 1833 nostris,
1517 1771 1547 1817 trt
1557 1774 1619 1817 eom
1633 1772 1713 1830 qoem
1727 1757 1784 1828 gio·

152 1863 265 1934 diliguat
275 1861 350 1917 illem
362 1861 372 1932 (
381 1860 393 1914 l
408 1860 468 1915 Cor.
485 1858 533 1930 ιι).
553 1859 592 1914 lle
603 1858 700 1927 quibus
713 1872 758 1926 per
771 1855 944 1927 apostoloset
958 1843 983 1905 Β
997 1859 1095 1914 rilicari
1109 1860 1189 1914 etiam
1203 1872 1236 1913 ea
1254 1855 1345 1912 cilicio
1364 1870 1414 1911 stto
1431 1855 1564 1920 volumus,
1590 1850 1732 1907 materiam
1756 1854 1784 1904 et

153 1964 287 2027 martyres
301 1953 414 2009 dicitur:
423 1951 485 2007 Non
499 1960 558 2007 sset
572 1950 707 2021 condigne
719 1948 851 2020 portiones
864 1948 943 2020 lujat

154 2045 276 2117 temporis
294 2045 328 2099 od
345 2046 460 2116 sutorem
476 2043 585 2114 gloriam
602 2057 660 2111 que
679 2040 832 2096 rmeioiitsr
849 2040 877 2095 iu
897 2056 945 2094 uo·

154 2138 193 2192 iris
206 2136 217 2209 (
229 2135 304 2192 dour.
318 2136 382 2206 ιιι).
394 2133 547 2204 Temporiri
571 2132 661 2202 itaque
679 2130 781 2187 fructus
802 2131 828 2185 in
843 2131 947 2184 virtuti-

154 2229 206 2286 itus
218 2236 293 2295 suot,
305 2227 417 2284 serotini
428 2225 455 2281 in
471 2225 686 2281 remuneratione
704 2225 846 2280 virtutum.
862 2222 946 2277 icm-

155 2324 241 2395 periri
264 2329 328 2379 suut
345 2335 414 2392 quos
436 2320 576 2390 hicopera
600 2319 710 2388 capiant
733 2317 759 2372 in
787 2316 951 2386 preceptis,

996 1964 1105 2006 causam
1120 1949 1214 2020 gioriae
1235 1948 1414 2019 denegemos;
1430 1956 1459 2002 ut
1478 1961 1538 2003 conr
1560 1959 1640 2016 quem
1661 1942 1786 2013 cupimus

998 2042 1132 2097 munerari
1155 2055 1203 2111 per
1218 2040 1318 2095 nudam
1341 2040 1465 2110 gratiam,
1482 2036 1612 2095 iaciamus
1635 2037 1670 2092 de
1694 2033 1787 2090 labore

997 2139 1106 2209 proprio
1120 2138 1156 2193 nil
1171 2137 1280 2193 mereri.
1297 2136 1418 2192 Exorans
1434 2135 1522 2206 potius
1537 2136 1563 2189 itt
1580 2148 1613 2189 eo
1631 2131 1787 2204 singiliatim

997 2231 1079 2287 socios
1092 2232 1150 2286 istae
1162 2230 1601 2300 germanequerirtutes,etteract
1611 2236 1701 2297 partos
1710 2239 1786 2282 suns.

999 2322 1128 2379 Potentia
1141 2324 1176 2378 sil
1190 2320 1260 2379 inter
1282 2329 1377 2378 concta
1402 2320 1531 2388 risibilia,
1545 2318 1694 2391 praesertim
1717 2318 1787 2373 inter

156 2414 267 2472 serotini
294 2427 362 2483 goes
388 2411 443 2467 illio
469 2421 532 2465 roto
556 2410 755 2477 mnsenuentor
777 2407 804 2462 itt
819 2407 945 2493 praemiis.

90 2511 96 2520 '
158 2508 292 2575 Quantum
305 2518 369 2575 ergo
382 2503 530 2559 delectetur
546 2502 616 2557 ileos
637 2500 695 2556 lieri
716 2515 832 2565 morum,
848 2498 875 2554 id
894 2509 947 2567 est,

1000 2414 1092 2471 hostes
1115 2416 1296 2471 habitaturum
1311 2428 1405 2471 creare
1419 2412 1572 2481 sublimem,
1589 2410 1729 2480 sapientior
1744 2423 1789 2465 or·

999 2505 1095 2563 diotre
1108 2505 1279 2576 prudentem,
1291 2504 1418 2560 bonitatis
1430 2504 1558 2574 adjuvare
1573 2510 1734 2566 certantem,
1751 2501 1788 2569 ju

160 2596 355 2653 validissimum
368 2602 461 2650 collita
478 2592 607 2649 trifinitio
620 2591 666 2648 Dei
685 2589 888 2662 lurtiiffliitssit
900 2592 950 2646 ⁰il·
1002 2600 1084 2655 stitie
1094 2613 1226 2656 coronare
1239 2599 1403 2655 uincentem.
1415 2596 1507 2653 Talem
1519 2595 1730 2667 ergoltominem
1742 2609 1790 2665 pro
1894 2660 1896 2664 Ι

163 2690 307 2755 staeuium,
322 2687 392 2744 sicut
406 2686 468 2743 iecit
482 2685 527 2741 ilie
537 2684 571 2742 de
585 2684 764 2755 perlegimus
778 2700 786 2739 ι
801 2682 950 2753 erepuerit
1002 2691 1117 2748 utilitate
1130 2693 1182 2760 stri,
1197 2707 1228 2752 oc
1241 2708 1288 2763 pro
1302 2691 1388 2746 nostri
1402 2688 1532 2760 dignitate
1549 2689 1689 2758 iaciamus,
1708 2703 1787 2760 quent

69 2847 71 2850 ,
139 2832 144 2839 ·
162 2783 229 2838 illim
240 2780 378 2836 i⁰m⁰⁸¹i¹⁶
388 2779 492 2845 stertit
502 2777 634 2852 dtrrtcttri
643 2792 690 2843 rto
700 2777 806 2848 populo,
818 2781 950 2848 pretereat
999 2785 1028 2841 in
1041 2783 1178 2841 dexteram
1192 2792 1295 2854 partem
1308 2798 1361 2839 non
1373 2782 1461 2838 tralrat
1474 2781 1628 2848 necessitas,
1638 2780 1685 2837 sed
1697 2781 1790 2837 uniun-

163 2874 351 2928 cauteriatae
364 2870 581 2935 scotum,'rettitit
595 2869 671 2924 iroect
681 2868 759 2936 finem
770 2869 892 2938 imperarit
905 2885 951 2924 ue·
1003 2884 1059 2943 ιω
1071 2879 1115 2947 qur
1128 2876 1226 2932 malum
1241 2876 1345 2931 rarione
1358 2873 1500 2944 intelligar,
1510 2874 1609 2929 bonum
1621 2874 1718 2929 virture
1730 2887 1790 2944 per.

162 2964 275 3019 rettiltii
288 2962 365 3034 islo·
376 2959 435 3032 ar).
452 2959 502 3027 Qut
514 2968 603 3025 limi,
616 2959 951 3032 issiiiit⁰liii⁰⁸ii1¹⁸⁶0dit⁰
1004 2967 1085 3023 liciat.
1100 2952 1191 3023 'iaiem
1208 2967 1347 3031 iaciamus,
1361 2964 1404 3021 cui
1420 2964 1526 3021 bonitas
1542 2967 1573 3030 ,iu
1592 2972 1697 3030 natura,
1713 2963 1790 3019 maii·

161 3074 212 3125 ure,
224 3064 367 3129 propterea,
385 3071 417 3110 tta
440 3054 612 3123 disperderem
634 3070 690 3107 ectu
716 3052 778 3124 (Es.
805 3052 882 3126 satri.
898 3054 949 3123 Qui
1004 3061 1039 3115 tia
1052 3075 1118 3116 vcro
1132 3070 1208 3116 carra
1220 3069 1343 3137 naturam
1360 3058 1584 3131 si13quibonum
1599 3057 1625 3112 in
1642 3057 1790 3126 uoluntate,

161 3145 952 3218 ostenditqecmodeejusiroseparetttr,qundatnmod0pla-
1004 3152 1103 3207 malurn
1122 3151 1220 3209 lrabeat
1234 3152 1261 3207 in
1280 3160 1429 3222 potestate;
1442 3153 1488 3223 qui
1508 3153 1607 3209 botrum
1634 3152 1790 3209 naturaiiter

161 3250 239 3295 cattts
252 3239 387 3295 irascitur.
402 3239 472 3295 luter
486 3237 553 3306 irorc,
569 3238 722 3308 quicunque
733 3253 749 3293 a
762 3238 950 3308 potentissimo
963 3214 988 3278 C
1003 3243 1079 3309 uelit,
1093 3243 1193 3299 maiam
1209 3244 1350 3299 actualiter
1363 3243 1461 3314 possit;
1476 3244 1521 3314 qui
1547 3245 1672 3300 mandata
1695 3253 1788 3300 nostra

164 3344 198 3386 ac
209 3330 360 3401 justissimo
376 3329 514 3386 conditore
526 3330 562 3386 ita
574 3332 670 3387 iactum
685 3331 821 3387 hominem
832 3331 906 3400 dicit,
921 3340 952 3389 ut
1002 3333 1138 3391 custodior
1148 3333 1326 3401 uoluntarios,
1340 3344 1369 3389 et
1383 3335 1527 3405 periclitari
1544 3351 1597 3390 non
1612 3335 1696 3406 possit
1718 3335 1789 3390 invi·

52 3465 57 3472 .
161 3437 231 3479 uuus
256 3421 284 3479 in
316 3422 452 3478 sinistram
475 3422 534 3479 sine
554 3422 663 3494 proprie
684 3423 814 3492 crimine,
834 3423 950 3494 impulsu
1003 3423 1118 3490 tus3cui
1135 3424 1437 3494 primaistasitlaodis
1455 3424 1573 3492 occasio,
1589 3433 1619 3481 ut
1637 3434 1790 3496 peccarent

159 3523 262 3569 tantum
285 3514 460 3584 praescientiae
483 3512 642 3584 deputetur:
663 3513 732 3571 aiter
755 3514 782 3569 iu
809 3514 949 3571 dexteram
1002 3518 1087 3587 possit
1101 3525 1130 3573 et
1143 3518 1220 3573 nolit.
1237 3516 1360 3574 Suilleiat
1377 3526 1478 3585 autem,
1500 3517 1571 3590 qnod
1592 3518 1618 3573 in
1636 3517 1792 3588 quadrupe·

164 3604 321 3660 indiscussis
342 3604 444 3660 merrus
458 3605 619 3674 attentent,
636 3604 804 3676 uec-aperte
827 3619 950 3662 asserere
1002 3612 1394 3682 ottusttrruttsntrtetenra
1411 3621 1472 3668 sent
1488 3610 1793 3682 conterraneorum

159 3695 379 3768 deprehenditur,
392 3695 557 3754 inordinatas
581 3697 739 3768 veliniquos
754 3713 815 3753 esse
836 3698 951 3769 disposi·
1002 3705 1054 3759 taie
1077 3703 1193 3770 animai,
1211 3702 1281 3773 qood
1303 3703 1366 3758 dum
1391 3717 1444 3757 non
1464 3712 1505 3758 cst
1523 3703 1669 3757 obnoxium
1694 3704 1791 3775 culpat,

160 3792 247 3848 tiones
260 3798 288 3846 et
300 3790 410 3846 lactoris
430 3799 458 3846 et
477 3790 587 3861 judicis.
603 3790 657 3862 Sed
676 3792 728 3847 itoc
747 3792 807 3847 loco
820 3792 950 3849 sollicitus
1001 3797 1114 3853 iructum
1130 3813 1183 3852 non
1197 3804 1287 3865 potest
1300 3794 1402 3850 habere
1413 3795 1536 3865 justitior,
1551 3796 1626 3850 lione
1636 3806 1725 3852 autent
1739 3811 1792 3851 non

160 3880 234 3938 indat
254 3882 361 3938 auditor
379 3882 482 3939 auctori
502 3897 619 3951 summo,
633 3898 694 3939 conr
718 3883 854 3940 ituminem
877 3886 950 3955 pias·
1001 3896 1107 3958 oportet
1119 3902 1179 3944 esse
1193 3887 1304 3958 pecudis
1318 3886 1443 3951 similem,
1456 3886 1499 3940 etti
1515 3887 1685 3942 eommiisuri
1700 3902 1792 3942 sumus

160 3988 237 4030 utare
250 3973 418 4044 disponeret,
431 3974 545 4042 auctori,
567 3976 686 4045 inqttam,
702 3990 808 4031 summo
830 3975 856 4031 itt
871 3975 951 4031 ruini·
1001 3991 1100 4035 nostroe
1123 3978 1247 4049 imaginis
1272 3976 1439 4047 dignitatern.
1465 3977 1665 4046 interrogemus
1686 3990 1717 4031 eo
1733 3991 1793 4046 nore

160 4065 271 4122 sterium
297 4073 326 4122 et
352 4065 494 4122 consilium
517 4066 633 4123 hominis
654 4066 817 4135 iairricandi,
836 4078 950 4137 quatuor
1002 4072 1102 4143 peccati
1115 4071 1256 4139 nescisse
1269 4070 1381 4126 rationis
1390 4068 1603 4140 ignaro,olrsuue
1613 4069 1667 4125 uilo
1677 4068 1792 4139 prodeo·

159 4155 271 4211 astimre
298 4155 420 4213 virtutes.
445 4156 511 4225 Qum
537 4158 668 4228 quatuor?
691 4156 813 4214 Potentia
846 4160 949 4229 utique,
1002 4166 1044 4221 11ae
1069 4164 1171 4222 honore
1197 4163 1383 4219 senuerimus.
1405 4161 1528 4231 Nunquid
1554 4161 1674 4231 proderit
1697 4161 1792 4231 pecudi

160 4247 276 4315 itarital.
291 4247 433 4318 sapientia,
447 4259 529 4318 atoue
540 4248 655 4319 justitia.
669 4249 709 4304 Tu
720 4248 781 4304 vids
795 4263 874 4319 duim
891 4250 947 4305 Deo
1000 4256 1157 4327 simplicitas
1171 4273 1229 4324 sua,
1246 4264 1292 4311 out
1306 4254 1395 4312 orituri
1414 4250 1644 4310 iocunditos‘suai
1662 4255 1729 4326 Erga
1743 4255 1792 4309 lto-

160 4338 250 4395 exitis
269 4340 515 4410 quatuordeiuiste
532 4355 678 4412 praesumas
700 4356 833 4398 asserere.
856 4342 949 4415 ltaque
1001 4349 1100 4403 minem
1115 4357 1236 4404 nostrum
1261 4362 1314 4401 uon
1333 4345 1482 4416 poterimus
1506 4344 1577 4400 laudi
1593 4344 1716 4402 conierre
1736 4345 1792 4415 poi·

160 4428 195 4484 id
211 4430 377 4486 iiiiiiwiiim
391 4431 543 4488 evidentius
556 4432 746 4504 collectitii,
762 4431 912 4503 proseliti,
927 4432 950 4489 Si
1000 4456 1082 4508 num,
1099 4440 1128 4496 si
1138 4441 1261 4496 volumus
1275 4438 1429 4494 necessitati
1454 4437 1556 4493 seruire
1571 4445 1704 4493 naturam.
1718 4437 1793 4492 iittttc

161 4519 259 4591 placet,
271 4520 384 4589 iiiiii&
402 4521 591 4590 istotirtutcs,
606 4517 683 4594 (liiiii
699 4531 827 4580 tractatus
838 4532 866 4579 ⁰¹
883 4523 949 4578 slin-
1001 4547 1065 4604 erge
1079 4531 1232 4589 conditione
1251 4529 1399 4598 subditum,
1425 4528 1587 4584 discretione
1603 4527 1727 4594 liberum,
1747 4543 1792 4584 ra·

161 4609 284 4668 eudones
304 4628 377 4669 snas.
391 4611 512 4671 Potentia
533 4616 626 4672 dicat:
641 4615 781 4673 Faciamus
803 4625 864 4687 post
886 4617 948 4672 corii
962 4584 991 4645 D
1004 4625 1076 4681 tioue
1103 4612 1270 4694 perlectum,
1292 4625 1327 4678 ita
1342 4622 1468 4678 ordinare
1487 4636 1536 4678 nos
1558 4637 1663 4691 acquum
1678 4631 1719 4678 est
1743 4623 1793 4678 sub

160 4717 274 4774 regnum
288 4704 314 4761 in
326 4707 452 4764 secundis
466 4709 614 4765 mirabilem
628 4719 790 4775 ereaturam,
807 4725 841 4766 ne
854 4710 880 4766 in
895 4712 946 4765 im·

160 4794 228 4863 perii
243 4796 328 4852 nostri
342 4799 590 4868 possessioueupue
602 4801 687 4869 prima
702 4811 779 4868 sunt,
797 4802 854 4856 itaeo
868 4802 949 4857 etiarn

160 4885 303 4943 rideantur
315 4899 446 4946 extrema.
461 4891 541 4947 istam
558 4878 713 4963 speciosam
736 4895 826 4949 mundi
849 4896 950 4951 mochi-

158 4992 221 5033 traru
235 4994 464 5051 consummemus,
479 4992 510 5039 ut
522 4985 550 5039 iu
565 4998 597 5040 ea
612 4978 752 5041 nominent
766 4985 906 5052 iaciamus,
923 4996 950 5042 et

136 5144 143 5152 ·
158 5074 337 5143 preloames
353 5090 401 5146 per
414 5092 495 5147 ouem
517 5078 633 5134 mundos
646 5077 797 5146 ordinetur,
812 5079 950 5149 possidea-

158 5178 213 5237 tur,
229 5180 353 5228 ornetor.
383 5174 492 5232 Bonitas
511 5174 584 5232 dicat
604 5172 680 5231 :ras
701 5190 754 5231 non
775 5184 819 5230 cst
838 5182 868 5229 ut
893 5177 949 5231 sola

158 5259 299 5320 beneflciis
314 5266 415 5323 nostris
427 5267 548 5325 coelestia
562 5266 746 5339 perfruantur.
760 5266 901 5323 Faciamus
922 5277 950 5325 et

158 5350 187 5406 in
200 5360 273 5410 terra
287 5354 433 5423 homiuem,
456 5358 527 5415 cirea
552 5375 633 5429 ouem
649 5358 837 5416 abundantiam
856 5360 949 5431 grotiae

158 5456 262 5503 nostras
284 5463 468 5518 exerceamus,
484 5454 555 5509 circa
577 5468 656 5524 quern
671 5450 868 5512 beneuolentiae
890 5468 948 5509 mo·

158 5551 226 5595 nera
239 5538 393 5610 dilatemus,
417 5542 444 5597 itt
466 5557 545 5613 qoem
566 5545 674 5614 pietatis
698 5546 822 5614 ingenite
842 5544 949 5600 diuitias

159 5631 364 5702 pmiundamus.
382 5634 517 5705 Sapientia
533 5634 624 5692 dicat:
641 5637 696 5693 lion
709 5638 795 5693 solum
808 5638 956 5705 iaciamus,

159 5722 209 5779 sed
220 5724 302 5780 etiam
314 5740 395 5781 senso
412 5726 524 5782 rationis
539 5741 571 5780 oe
587 5727 756 5783 discretionis
772 5728 947 5789 honoremus,

158 5812 310 5881 prudentie
331 5816 433 5873 {omitte
455 5817 614 5885 repleamus,
631 5817 771 5875 iaciamus.
785 5820 943 5888 simplicem.

1003 4722 1136 4787 potestate
1159 4714 1305 4785 permissa,
1327 4721 1355 4767 ct
1369 4711 1427 4779 iege
1451 4713 1604 4780 proposita,
1621 4722 1649 4768 nt
1672 4712 1792 4769 custodia

1004 4805 1145 4875 precepti,
1162 4804 1250 4860 aditus
1272 4812 1300 4858 et
1324 4816 1404 4857 eausa
1427 4801 1463 4856 sit
1484 4802 1596 4872 praemii.
1614 4804 1678 4856 dom
1693 4806 1714 4856 si
1730 4804 1791 4859 maii

1003 4898 1107 4965 copiam
1123 4910 1155 4951 oe
1168 4882 1302 4950 lieen'tiam
1318 4908 1370 4948 nou
1385 4891 1521 4960 habuerit,
1538 4894 1599 4948 botri
1611 4893 1723 4964 gioriout
1740 4909 1792 4949 non

1003 4987 1121 5043 ltalrtidt.
1139 4987 1167 5043 Si
1179 4986 1258 5056 jutta
1275 4985 1489 5041 benevolentiam
1506 4994 1623 5041 nostram
1644 5002 1696 5041 non
1709 4988 1791 5041 etiam

1000 5095 1050 5135 suo
1065 5077 1209 5133 stodiouel
1224 5076 1318 5132 labore
1344 5077 1542 5147 praedicabilem
1558 5077 1672 5132 tenuerit
1693 5077 1793 5132 santu-

1002 5181 1066 5239 tcm‚
1084 5186 1136 5225 nou
1161 5170 1212 5225 crit
1235 5170 1405 5237 innocentia,
1423 5169 1470 5226 soti
1485 5169 1600 5235 inertia;
1621 5177 1648 5225 et
1662 5178 1790 5238 praetereu

1001 5263 1139 5335 proemium
1154 5262 1235 5332 perit,
1249 5262 1293 5318 triti
1305 5264 1429 5318 meritum
1442 5276 1494 5317 non
1506 5261 1643 5332 praeeedit.
1658 5260 1731 5321 Boua
1743 5277 1792 5318 no-

1001 5367 1056 5413 stra
1072 5372 1125 5411 non
1137 5362 1225 5426 potest
1235 5369 1342 5411 serrare
1356 5356 1402 5425 qui
1416 5355 1500 5413 nescit
1512 5356 1663 5425 octpuirerc.

1039 5447 1094 5504 liisi
1106 5448 1185 5502 luerit
1196 5447 1357 5503 ottedlenrie
1368 5448 1505 5518 praemissa
1518 5448 1634 5516 devotio,
1647 5449 1739 5519 gratiae
1756 5446 1790 5499 ri·

1002 5541 1079 5597 iesrit
1089 5540 1199 5596 oblatio.
1209 5538 1516 5611 Simulqueuerecundia
1528 5539 1722 5596 remuneron’is
1736 5546 1788 5604 est,

1002 5632 1025 5689 si
1040 5633 1187 5688 honoretur
1201 5621 1320 5700 otiosos,
1337 5634 1361 5688 si
1383 5643 1568 5689 remuneretur
1582 5634 1700 5702 ignarus.
1720 5630 1790 5699 Quin

1002 5725 1090 5791 polius
1115 5731 1275 5793 cooperante
1297 5723 1432 5792 adjtrtorio
1456 5723 1536 5778 ctiam
1564 5735 1613 5775 stro
1637 5734 1721 5790 opere
1745 5723 1791 5777 lint

1001 5819 1107 5886 dignus,
1121 5825 1147 5874 ct
1158 5833 1218 5873 cunt
1231 5820 1297 5874 lrono
1313 5817 1477 5874 conscientia
1494 5817 1527 5872 tit
1541 5817 1643 5871 beatus
1659 5812 1724 5869 liunt
1739 5816 1790 5870 nial
