4080 6348
108 284 112 289 ’
140 265 203 329 eta

884 256 1049 315 callaina.

1734 260 1786 320 dtr

142 385 178 444 ln
192 398 303 456 repausa
317 382 370 440 dun
384 397 465 453 repas
476 388 591 437 amant:
608 392 668 433 nant
684 386 760 446 patre
772 375 889 441 Sueuos,
953 375 1087 441 ANibula
1101 376 1220 433 mordaci
1234 377 1370 449 relegans
1387 384 1496 449 pectore
1510 384 1599 435 restes

144 481 171 537 Δ
185 477 316 551 μοιιιίιο
328 475 444 541 Getltes3
459 472 539 530 simul
553 480 580 527 et
596 469 775 526 reminiscitur
789 468 869 536 illud,

143 572 226 645 Quod
239 569 414 629 Tartessiacis
430 576 444 605 ι
458 579 525 621 auus
540 560 713 634 buiusVullia
724 560 803 617 terris
880 590 884 595 -

143 661 309 722 Vandalicas
321 668 433 725 turmas,
445 665 473 713 at
483 656 569 727 juncti
580 654 672 711 Nartis
686 654 787 710 Alanos

144 755 229 828 301
243 751 352 816 Suasit,
368 759 396 806 et
408 747 546 805 occiduam
559 756 652 803 texere
666 744 797 801 cadauera
811 743 924 814 Calpen.

144 847 218 915 Quid
228 853 336 905 umores
349 855 459 898 curare
473 839 561 911 luges,
573 838 639 911 quid
655 839 751 895 damna
768 837 907 909 prioruml

144 936 344 1010 ¹’detinemini
359 934 454 991 recolit
464 930 605 1003 dispendia
619 932 720 1001 campi.

146 1031 216 1091 lnde
227 1031 301 1097 lurit,
317 1029 390 1101 quod
402 1043 433 1084 se
446 1024 539 1087 decuit
549 1024 616 1083 satis
627 1025 680 1081 ists
694 1030 820 1094 nepotem

146 1126 225 1183 illius
239 1139 300 1185 esse
314 1123 375 1190 riri,
389 1136 445 1192 ouo
457 1117 651 1183 tisoNandals
664 1132 774 1189 semper

147 1218 236 1290 Terga
251 1215 352 1273 dabas:
368 1229 430 1271 nant
442 1227 498 1269 non
507 1211 590 1269 Siculi
606 1210 736 1267 illustrior
749 1211 821 1266 artis

146 1306 191 1366 ἰιι
202 1306 327 1367 tlaroello
337 1304 421 1372 redis,
433 1318 481 1373 per
494 1317 575 1374 quem
587 1301 688 1388 tellure
698 1301 820 1371 mamone

147 1394 247 1456 No'stts
258 1394 416 1471 Syracusios
427 1404 584 1468 presserunt
597 1410 672 1451 arms
687 1402 820 1465 penetw

147 1494 206 1553 Nec
219 1503 271 1551 tur
285 1494 328 1551 etti
343 1482 453 1551 ct'rrruru
468 1489 700 1560 Curtisuperare,
716 1488 837 1557 Netelle,

149 1588 280 1659 Contigit,
294 1594 433 1647 ostentans
447 1583 525 1641 nobis
536 1582 679 1654 depbsma
690 1580 872 1650 frequentem,

149 1681 223 1739 Grex
236 1680 312 1750 stiget
324 1677 445 1735 albentes
459 1684 561 1747 teneret
570 1689 632 1732 omn
644 1672 716 1731 rnole
728 1672 841 1743 jurate,

150 1774 351 1845 Auctoremque
366 1785 444 1831 suurn
457 1769 558 1827 celaret
571 1782 668 1839 pompa
684 1766 822 1836 triumplti.

150 1866 166 1906 ι
179 1865 294 1925 Noricus
304 1860 496 1934 ostrogothum
506 1859 577 1931 ouod
590 1861 729 1926 continet,
746 1859 799 1915 istc
812 1858 922 1917 umetur
938 1872 946 1915 r

152 1957 240 2015 Gallia
250 1955 322 2027 quod
337 1955 425 2013 ilberti
435 1951 642 2022 iisrtemliust,
658 1951 711 2009 itte
725 1951 818 2023 pareri
830 1958 882 2008 stt.

151 2050 231 2118 Quod
246 2058 259 2090 0
272 2046 472 2119 communires
486 2060 530 2105 me
545 2044 680 2103 Vandalus
691 2044 777 2102 bostis
790 2045 877 2101 alano

152 2142 271 2214 lliripttit
281 2141 405 2205 radente.
418 2138 475 2195 suis
488 2137 533 2195 ltic
541 2137 612 2194 ultus
621 2136 656 2193 ab
665 2136 759 2193 armis.

153 2232 209 2289 Sed
225 2243 314 2312 tamen
325 2242 396 2293 unus
406 2227 487 2287 borno
498 2235 551 2291 cst,
565 2234 697 2309 nectsota
710 2227 829 2297 pericula
839 2225 915 2284 solus¹

152 2325 273 2392 Tollere,
284 2323 333 2380 sed
343 2321 454 2381 diderre
466 2328 556 2391 potem
572 2338 578 2372 ι
593 2320 676 2375 modo
688 2319 810 2391 principe
822 2319 902 2377 nubis

153 2416 205 2473 Est
217 2430 285 2487 opus
299 2422 420 2479 armato,
433 2421 556 2471 ueterum
570 2411 616 2483 otti
630 2426 707 2469 more
721 2420 874 2483 parentant,

152 2507 212 2566 Non
227 2506 347 2575 mandet,
360 2505 409 2563 sed
423 2504 493 2563 bella
503 2513 596 2575 germ
611 2519 691 2578 quem
705 2504 781 2575 tigna
795 2512 948 2563 mouentum

152 2600 239 2659 'ferra
253 2601 294 2659 rel
306 2599 381 2657 unda
395 2606 530 2665 tremam,
546 2606 575 2653 ut
587 2598 695 2655 tandem
708 2598 769 2668 iure
778 2595 899 2670 meapte,

153 2694 269 2752 Romula
282 2693 408 2753 cuneus
421 2690 597 2750 moderentur
606 2691 720 2748 clamita
734 2691 846 2750 ciuem.

190 2786 281 2845 scutit
291 2787 336 2845 illa
347 2794 431 2856 pater,
448 2784 526 2841 simul
539 2784 647 2849 anonim
662 2784 716 2841 itur
731 2784 758 2840 in
772 2786 870 2843 Urbem

155 2877 289 2935 Continuo
301 2894 309 2943 ;
321 2876 396 2935 ridet
408 2879 466 2946 ipss
480 2875 569 2942 deant,
579 2870 741 2932 summissus
753 2876 859 2945 adorat,

154 2970 255 3028 Pectus
267 2978 294 3029 st
307 2976 427 3029 exertam
440 2967 587 3038 tetigerunt
597 2982 699 3024 emuna
713 2983 868 3027 mamm.

154 3059 294 3118 Mandatus
310 3059 362 3123 lert
376 3057 440 3119 inde
455 3073 559 3129 preces,
575 3072 642 3129 uuus
657 3058 717 3115 tlira
731 3070 824 3118 secuta

156 3156 280 3227 Appprat
296 3154 337 3211 ire
348 3152 418 3210 riam
433 3170 440 3206 ε
454 3151 558 3208 laxatm
571 3161 647 3209 torus
659 3153 771 3223 espillos

157 3246 284 3317 Stringit,
292 3255 326 3307 ,et
339 3246 447 3303 inclusa
462 3245 597 3303 latuerunt
607 3245 713 3302 casside
725 3254 823 3305 turres.

156 3338 244 3401 lulula
258 3339 349 3397 laurus
361 3348 419 3395 erat
435 3337 537 3397 :bullis
552 3336 692 3394 hostilibus
704 3352 783 3407 asper
799 3380 802 3383 .

156 3432 281 3505 touiut
295 3446 311 3488 s
326 3431 392 3487 laeua
406 3438 559 3502 sumentem
573 3428 678 3485 balteus
687 3444 790 3487 ensem.

156 3527 238 3600 302
249 3523 377 3583 Inseritur
386 3525 482 3595 clypeo
492 3521 589 3581 uictrix
599 3537 709 3589 manum
726 3523 798 3579 illius
810 3524 904 3581 orbem

995 469 1081 523 Dente
1094 468 1180 538 capim
1195 468 1274 524 micat
1287 468 1362 525 basto
1374 470 1476 535 minax,
1494 483 1664 541 quercusque
1677 471 1787 541 tropeis

995 558 1083 615 Curta
1098 560 1201 626 tremit,
1212 559 1369 630 placidoque
1381 560 1459 616 deant
1473 561 1524 616 sub
1538 560 1610 616 lusce
1624 560 1726 633 letigit.

997 652 1008 692 ¹
1025 654 1160 723 Perpetuo
1170 663 1224 709 stat
1239 653 1328 724 planta
1342 655 1416 720 solo,
1432 656 1479 711 sed
1495 655 1574 712 lascis
1591 658 1690 727 primos

996 743 1105 803 Sistitur
1119 746 1154 801 ad
1164 746 1272 816 digitos,
1285 747 1430 815 retinacula
1443 748 1506 804 bina
1517 748 1655 806 cothurnis

995 836 1112 893 lllttitin
1128 838 1271 893 advorsum
1286 839 1377 894 tinctu
1389 837 1534 897 tlelornice
1545 841 1646 911 pollet,

995 929 1062 999 Quae
1074 929 1206 1001 stringant
1217 928 1351 1000 crepidas,
1367 939 1395 984 et
1409 932 1631 988 concurrentibus
1645 934 1718 991 ansis

995 1021 1167 1088 Vinclorunr,
1182 1023 1285 1093 pandm
1300 1030 1392 1078 terant
1405 1037 1455 1092 per
1467 1036 1546 1079 crura
1559 1034 1678 1083 catenas.

997 1113 1069 1185 mue
1082 1114 1154 1170 sicut
1167 1124 1226 1169 erat
1240 1112 1367 1180 liquidam
1383 1123 1534 1171 transuecta
1544 1129 1593 1185 per
1602 1117 1725 1185 aetbmm,

996 1205 1137 1263 Nascentis
1148 1206 1224 1275 petiit
1240 1205 1344 1275 tepidos
1358 1205 1520 1278 llyperienls
1531 1215 1616 1264 ottus.

1033 1300 1081 1355 Est
1095 1299 1170 1355 loeus
1184 1300 1290 1365 oossnl,
1304 1298 1457 1370 longinquis
1470 1300 1608 1370 protrlrmn
1618 1301 1699 1370 ludit,
1748 1367 1754 1371 .

996 1394 1054 1448 axe
1064 1392 1115 1449 sub
1126 1392 1198 1459 eoo,
1214 1390 1390 1447 Nsbatbaturn
1405 1400 1497 1449 meus
1511 1395 1537 1449 ln
1552 1394 1663 1463 Eurum,

998 1482 1051 1539 Ver
1065 1484 1353 1551 ublcontiuuumest,
1369 1483 1540 1554 interpellata
1550 1499 1601 1540 nee
1611 1486 1671 1541 ullis
1778 1496 1783 1509 ·

996 1575 1155 1648 arnotinus
1168 1577 1289 1647 pallescit
1302 1577 1413 1643 humus,
1428 1577 1477 1634 sed
1489 1577 1556 1635 llere
1568 1580 1681 1648 perenni

996 1670 1071 1728 Pleta
1082 1673 1238 1742 pmegnnes
1252 1672 1378 1741 ipsoram
1387 1666 1450 1727 ‘arsa
1465 1673 1577 1743 rigum.
1608 1694 1612 1701 .

960 1755 984 1816 lt
999 1764 1097 1820 llalant
1108 1780 1173 1820 rura
1186 1765 1268 1833 rosis,
1285 1765 1519 1837 indescriptosque
1530 1782 1579 1838 per
1592 1782 1672 1838 agros

999 1855 1112 1928 Fragrtt
1122 1857 1191 1913 udor
1204 1872 1213 1914 t
1226 1856 1325 1912 violam
1335 1899 1342 1923 ,
1354 1858 1480 1929 cytisum,
1493 1858 1624 1930 serpylla,
1637 1860 1785 1929 ligustrum,

997 1952 1078 2022 Lilia,
1093 1950 1240 2019 narcissos,
1254 1953 1365 2015 culam,
1381 1952 1522 2019 colocasia,
1538 1951 1652 2020 caltltas,

997 2043 1120 2114 Gustum,
1135 2043 1328 2110 malobatrum,
1343 2044 1481 2116 myrrhas,
1495 2044 1683 2115 opobalsama,
1699 2046 1786 2116 tbttra,

998 2136 1154 2194 Parturiunt
1166 2138 1266 2208 campi,
1282 2150 1333 2193 nec
1342 2150 1396 2192 non
1409 2136 1532 2206 pulsante
1545 2145 1664 2203 senecta,

998 2228 1067 2286 lllne
1077 2230 1199 2287 rediviva
1215 2231 1281 2300 petit
1294 2228 1398 2284 ricinus
1411 2228 1534 2283 cinnama
1549 2227 1669 2296 pboenb.

998 2320 1049 2379 llio
1060 2320 1157 2378 domus
1165 2321 1279 2378 Aurora
1288 2321 1370 2377 rutile
1382 2325 1519 2377 crustante
1529 2317 1649 2381 metallo,

998 2415 1146 2472 barcarum
1158 2415 1268 2487 prurisrt
1278 2416 1360 2471 lares
1372 2423 1478 2487 asprata
1492 2414 1606 2485 lapillos.

1000 2508 1133 2580 lilripiunt
1146 2507 1254 2565 dlrersa
1267 2508 1372 2575 oculos,
1384 2516 1411 2563 et
1421 2508 1455 2563 ab
1466 2516 1524 2564 arte
1533 2508 1670 2577 magistra,
1709 2514 1714 2522 ’

999 2599 1056 2659 lldc
1071 2603 1154 2660 uincit
1166 2602 1346 2675 quodcunque
1358 2602 1451 2669 rides3
1466 2601 1513 2658 ted
1526 2601 1651 2658 conditor
1663 2602 1751 2658 omnis

1000 2694 1057 2752 Sub
1069 2696 1176 2752 domina
1193 2705 1327 2766 prasente
1340 2694 1432 2762 decer,
1444 2694 1580 2765 nimieque
1595 2692 1693 2750 rubere

1000 2786 1174 2842 Gemmarum
1187 2785 1276 2841 uarios
1291 2785 1389 2855 perdit,
1403 2785 1464 2854 qnia
1475 2784 1608 2854 possidet,
1621 2784 1706 2855 ignes.

999 2877 1140 2935 Furtdebat
1151 2892 1228 2934 osma
1241 2892 1309 2947 pera
1326 2891 1432 2944 crocos,
1445 2877 1568 2947 beneque
1578 2877 1679 2933 lacerto

1000 2971 1083 3043 303
1094 2970 1177 3026 Lutea
1193 2970 1337 3040 depressus
1348 2970 1470 3025 comebat
1483 2978 1602 3040 tempora
1613 2979 1718 3039 pecten.

1000 3061 1161 3118 Fundebant
1172 3062 1242 3117 ocull
1255 3061 1357 3130 radios,
1373 3062 1450 3118 color
1463 3062 1557 3133 lgneus
1571 3062 1634 3129 illle,

961 3132 985 3200 (ἶ
999 3153 1058 3212 Non
1068 3163 1159 3212 taurett
1168 3154 1250 3211 ardor
1260 3164 1320 3210 erat
1334 3172 1340 3208 :
1355 3154 1478 3226 quamvis
1489 3154 1523 3211 de
1534 3165 1615 3213 nocte
1629 3168 1736 3212 recussa

998 3248 1112 3320 Excepti
1126 3248 1232 3304 soleant
1244 3247 1369 3304 sudorem
1382 3247 1485 3319 lingere
1499 3260 1585 3305 rores.

998 3340 1112 3398 Pectora
1126 3339 1291 3411 blseingunt
1307 3354 1394 3406 tona,
1407 3338 1550 3410 paruisque
1563 3340 1668 3411 papillis

999 3433 1129 3491 lnridiam
1141 3434 1204 3491 lacit
1214 3432 1273 3504 ipse
1283 3434 1358 3489 sinus
1374 3449 1381 3485 :
1396 3446 1458 3503 pars
1467 3431 1566 3488 extima
1580 3433 1651 3503 pepli

1000 3527 1104 3584 Perlert
1114 3528 1242 3598 puniceas
1255 3525 1290 3582 sd
1302 3540 1381 3582 crura
1395 3527 1519 3583 subeuntia
1533 3542 1623 3597 rugas.
1643 3524 1645 3529 ’

157 3617 321 3689 blattipenae,
335 3616 409 3688 lupa,
419 3614 519 3683 Vibris,
533 3629 620 3681 amor,
633 3615 715 3686 Nare,
727 3614 784 3682 llia,
798 3619 945 3711 complent.
999 3621 1045 3678 Sle
1057 3621 1152 3694 rapina
1164 3620 1242 3677 sedet
1252 3620 1337 3686 solim
1351 3619 1453 3689 sceptri
1467 3619 1525 3675 rice
1539 3631 1553 3668 t
1567 3621 1687 3677 dextram

193 3785 208 3814 ι
223 3773 315 3831 Vallim
330 3771 401 3844 regis
413 3768 448 3826 de
461 3768 586 3825 Vandalis
598 3768 743 3839 Aiacisque
753 3769 785 3823 ati
797 3770 950 3829 Tartessum

159 3855 188 3904 et
198 3846 299 3915 Calpen
321 3843 443 3898 uictorias
465 3841 501 3895 ab
524 3839 606 3894 ldatln
628 3847 655 3894 et
675 3838 776 3895 isidoro
797 3840 950 3913 repetendae

1037 3775 1244 3840 dBarbarorum
1260 3784 1346 3833 terror
1359 3787 1401 3832 est
1412 3776 1538 3834 Ricimer.
1553 3778 1629 3846 Quod
1651 3778 1722 3835 enirn
1743 3779 1794 3835 (ιι-

1002 3846 1117 3917 trepotbi
1131 3860 1180 3917 per
1190 3845 1302 3902 Noricos
1315 3846 1342 3901 in
1356 3847 1475 3914 ltaliam,
1488 3848 1594 3916 Franci,
1606 3849 1719 3919 aliaeque
1729 3865 1793 3920 gen·

159 3929 233 3975 sunt.
255 3916 371 3970 Narrant
383 3910 582 3983 onimValliam
604 3910 654 3965 sub
672 3923 770 3991 annum
783 3910 882 3967 Clrrisli
897 3913 949 3971 tle
1001 3928 1043 3975 tes
1052 3916 1217 3974 Germanicae
1230 3930 1278 3986 per
1285 3914 1446 3974 Rhenumlu
1456 3918 1555 3973 Gallias
1567 3919 1792 3990 non-irrumpunt,

159 3986 295 4043 Vandalus
308 3984 427 4053 Sillnpos
443 3983 469 4036 iu
486 3981 584 4036 Bmtlca
603 3981 750 4046 delevisse3
772 3983 871 4037 Alanos
884 3999 948 4040 rere
1001 3988 1059 4059 elus
1072 3996 1146 4043 metu
1161 3987 1342 4043 eontinentur.

159 4056 356 4121 steterimus,
377 4065 475 4108 utrum
490 4052 617 4107 Vandalis
630 4052 674 4121 qui
691 4053 769 4124 113
782 4053 810 4107 ln
825 4052 948 4113 Gallaecia

160 4128 315 4187 Gundericn
330 4130 387 4196 regi
408 4124 548 4194 parebant,
567 4136 650 4177 unum
675 4131 767 4190 postea
792 4125 818 4178 in
840 4140 953 4196 regnum

161 4198 321 4257 coaluerint.
346 4196 401 4252 Nee
415 4195 525 4266 dublum
544 4195 608 4267 quin
623 4192 657 4248 de
674 4192 715 4281 lile
731 4194 809 4250 bellis
824 4196 950 4266 loquatur

59 4271 62 4281 '
160 4269 300 4329 Sldonius.

197 4341 213 4382 ι
232 4337 325 4397 Cladis
337 4337 445 4402 Sicula,
464 4350 515 4403 uua
531 4334 692 4392 Genserieus
711 4338 768 4406 ipse
781 4320 800 4391 ¹a
821 4336 953 4395 Ricimere

161 4411 192 4468 in
205 4410 380 4481 agrigentino
391 4408 480 4463 littore
493 4406 659 4477 profligatus,
680 4407 755 4462 illum
771 4407 866 4463 Vallia
881 4409 953 4465 Van·

162 4482 287 4539 dalerum
301 4480 435 4547 quondam
446 4476 557 4533 uictoris
567 4484 690 4547 nepotem
699 4493 758 4534 etse
769 4479 865 4548 sensit,
877 4480 954 4537 tlrito

1043 4069 1055 4097 a
1070 4059 1169 4113 Alanos
1183 4072 1263 4112 unam
1278 4057 1304 4112 io
1319 4066 1426 4128 gentem
1439 4073 1500 4114 cum
1517 4058 1644 4115 Vandalis
1659 4061 1795 4133 inilispa·

1006 4128 1055 4213 uia¹
1065 4127 1196 4186 coaluisse
1204 4129 1259 4199 jam
1274 4128 1375 4183 dictum
1389 4137 1440 4185 est.
1455 4130 1619 4215 Qu.”⁰.⁰¹¹³‚
1633 4133 1659 4185 in
1679 4105 1795 4189 biricom

1006 4196 1693 4353 littleconstiutit„illitteralis
1707 4203 1796 4335 llll}

1007 4342 1207 4412 Alanorumque
1232 4355 1309 4411 reges
1332 4341 1458 4410 appellati
1482 4361 1489 4396 :
1518 4350 1547 4397 ut
1569 4344 1639 4414 apud
1662 4344 1797 4401 Victorem

1008 4413 1154 4477 Vitensent,
1171 4412 1197 4466 in
1215 4420 1349 4481 praeeepto
1361 4410 1488 4467 Nucerini
1505 4412 1539 4467 arl
1552 4417 1693 4484 episcopus
1706 4417 1798 4472 ersbo-

1006 4483 1101 4551 doros,
1118 4483 1193 4553 cujus
1204 4481 1262 4538 haec
1277 4490 1319 4537 cst
1331 4481 1488 4552 inscriptio:
1505 4483 1559 4540 lius
1570 4483 1717 4541 Nsuerirus
1730 4485 1798 4543 Vun-

164 4560 198 4609 nt
212 4565 274 4608 reor
289 4552 447 4620 imperante.
473 4548 582 4604 illusum
595 4548 666 4603 enirn
685 4552 721 4605 ab
734 4550 813 4606 Auito
826 4553 955 4608 aduersus
1007 4555 1125 4609 dolorum
1139 4564 1163 4608 ct
1177 4551 1320 4607 titanorum
1335 4553 1458 4609 uniuersis
1474 4556 1599 4627 episcopis
1611 4555 1798 4626 bossessoris,

167 4622 306 4678 Vandalus
315 4636 374 4676 curn
388 4620 508 4676 etareitu
520 4618 680 4675 lliclnterent
692 4628 785 4676 auctor
796 4629 838 4677 est
849 4622 956 4679 Priscus
969 4601 995 4663 ⁰
1008 4625 1127 4696 itemque
1146 4623 1173 4679 in
1193 4623 1281 4679 edicto
1296 4622 1366 4691 quod
1382 4622 1478 4691 legitur
1499 4623 1546 4681 lib.
1558 4641 1599 4681 ut.
1611 4625 1676 4682 lude
1687 4643 1751 4698 ergo
1761 4632 1799 4687 ri·
1833 4616 1838 4621 ¹

164 4693 195 4751 in
210 4693 346 4761 exemptis
359 4692 532 4760 legationum.
545 4689 648 4745 Cosam
663 4691 743 4744 etiam
754 4692 898 4749 Ricimeris
910 4709 957 4751 eo-

1009 4695 1074 4751 dere
1086 4704 1144 4761 est,
1158 4704 1207 4748 cur
1226 4692 1439 4763 consanguineos
1454 4701 1481 4748 et
1495 4692 1579 4764 juncti
1594 4697 1687 4752 blattis
1700 4699 1799 4757 Alanus

164 4764 241 4823 milis
250 4761 477 4818 circumventione
490 4758 669 4815 Vandalorum
680 4761 889 4831 multltudineur‚
898 4780 958 4836 quae
1010 4781 1071 4821 cum
1082 4764 1228 4831 Vandalis,
1241 4762 1422 4833 Romanosque
1436 4762 1596 4834 direptionis
1615 4768 1703 4824 socios
1717 4769 1798 4833 dicat.

130 4882 134 4897 ,
164 4832 401 4903 &maecum
417 4832 451 4886 eb
469 4828 585 4885 natibus
599 4829 725 4897 soluerat,
742 4831 812 4887 inter
827 4834 896 4889 ertu
915 4850 959 4895 res
1049 4834 1059 4874 l
1084 4832 1174 4892 solea.
1189 4832 1280 4889 Genus
1294 4832 1320 4888 id
1340 4834 1532 4891 cothurnorum
1547 4836 1677 4893 describit
1690 4842 1759 4907 ouon
1775 4842 1800 4894 'tn

165 4913 258 4976 gestu
269 4901 500 4959 adnotstldolius.
1011 4905 1128 4976 anthuls
1151 4905 1247 4959 statuis
1260 4902 1353 4959 ridere
1368 4911 1408 4960 est
1422 4921 1430 4960 :
1444 4904 1470 4959 in
1484 4921 1554 4990 quo,
1572 4918 1600 4961 ut
1615 4906 1695 4963 Gellii
1712 4910 1800 4969 uerbis

136 4983 138 4986 ⁴
203 4968 661 5041 teutotoncutsueurrutqune
674 4972 957 5031 eamdembabetsen·
1010 4986 1082 5043 utar,
1097 4975 1249 5055 plantarum
1262 4974 1353 5031 calces
1374 4982 1476 5029 tanturn
1494 4976 1585 5034 tullme
1596 4987 1732 5048 teguntur,
1748 4996 1800 5039 on-
1915 4986 1930 5005 ·
1969 4998 1975 5011 ·

165 5046 290 5102 tendam.
306 5042 412 5099 anus
426 5042 583 5112 elepbantos
607 5039 640 5094 de
663 5042 766 5111 Pyrrlto
790 5046 957 5111 triumpltans
1010 5053 1069 5102 tera
1090 5044 1178 5112 nuda,
1193 5054 1220 5101 et
1240 5044 1370 5101 teretibus
1386 5045 1497 5103 babonis
1516 5048 1602 5102 trittcta
1622 5058 1695 5104 suut.
1709 5049 1802 5107 Solum

164 5113 387 5172 duxeratCarrius
401 5112 529 5168 Dentatus
539 5125 611 5166 auno
624 5110 657 5167 tl.
666 5111 698 5167 c.
710 5111 774 5180 ιιι,
785 5114 956 5186 sedpaucor,
1011 5130 1076 5188 ergo
1086 5130 1137 5201 pre
1149 5114 1221 5171 solea
1236 5117 1334 5187 posuit,
1346 5124 1375 5170 ut
1386 5113 1514 5183 Plautus,
1530 5114 1674 5187 Martialis,
1692 5120 1801 5191 aliique.

163 5187 435 5258 quatuorduntarat,
449 5192 480 5238 ut
493 5183 571 5238 ducet
586 5182 740 5253 Eutropius.
762 5189 796 5239 ιιι
816 5184 847 5240 L.
864 5186 957 5241 bletul-
1011 5186 1155 5243 Vorntcem
1168 5200 1247 5252 rere,
1262 5200 1310 5258 pro
1321 5194 1400 5255 parte
1415 5184 1532 5255 detera,
1545 5196 1650 5245 etcaro
1664 5190 1741 5261 pedis
1756 5208 1802 5262 op-

165 5256 214 5313 lus
236 5257 263 5312 in
282 5254 419 5326 triumpbo
433 5268 511 5315 onera
523 5255 557 5309 ds
571 5252 648 5310 tlctis
661 5254 688 5309 lrt
702 5254 792 5311 Sicilia
804 5256 893 5311 Ptenis
905 5256 959 5327 epit
1032 5260 1119 5325 oslta,
1135 5272 1215 5326 «ruam
1234 5257 1282 5313 libr
1303 5271 1366 5321 unt,
1385 5257 1464 5327 eplst.
1484 5256 1536 5326 ll,
1558 5273 1690 5317 cameram
1715 5263 1802 5327 dixit,

164 5342 241 5384 mnu
254 5326 288 5384 ιι.
303 5327 336 5383 C.
350 5324 413 5391 ιιιὸ,
426 5334 533 5407 mutum
546 5324 622 5380 duxlt
633 5333 662 5380 et
678 5324 791 5396 viginti,
815 5325 890 5381 Liuio
910 5340 959 5380 au*
1012 5273 1130 5383 fasceata
1154 5326 1253 5397 pariter
1274 5327 1455 5385 calceamenta
1477 5328 1650 5398 describens,
1665 5332 1692 5387 in
1707 5333 1802 5398 ouibus

165 5396 397 5464 carentonio
417 5397 538 5464 Epitome
553 5395 603 5464 lt,
617 5406 644 5450 et
656 5398 757 5452 Seneca
777 5397 810 5452 de
827 5397 960 5452 Breuitate
1012 5398 1172 5452 muculoruut
1186 5396 1394 5453 concurrentibus
1405 5398 1514 5466 eurulis,
1529 5402 1626 5472 replere
1639 5400 1673 5455 rui
1686 5418 1744 5457 erut
1756 5418 1803 5472 per

165 5469 232 5524 vitat
245 5483 305 5538 cap.
326 5468 371 5523 lt.
389 5464 472 5534 idrus,
490 5468 586 5535 iuquit,
603 5468 724 5521 tument
738 5466 870 5524 Netttluut
890 5469 961 5522 ucria
1013 5475 1141 5523 eumcum
1155 5469 1347 5542 rumoaurpit.
1369 5469 1439 5525 Sunt
1462 5478 1550 5528 tamen
1571 5472 1678 5529 codices
1690 5473 1735 5543 qui
1748 5486 1803 5531 nen

164 5540 198 5596 ιιι
213 5538 307 5597 Sutia
322 5538 406 5593 Posuit
426 5537 627 5607 triumphantem
639 5553 717 5591 ιιιιιιιιι
731 5540 844 5592 uutniutrr
867 5539 957 5591 Rorna-
1015 5541 1121 5611 (mure,
1133 5540 1179 5594 sed
1194 5540 1280 5611 sentite
1293 5540 1393 5609 legant.

166 5624 262 5666 uorsus
275 5620 332 5664 srtrs
346 5624 450 5663 currum
465 5608 517 5662 lue
529 5617 553 5660 at
565 5606 602 5661 ιι
613 5608 726 5674 cuprinos
741 5609 890 5681 elephantos
903 5610 961 5662 rtu-
1051 5619 1063 5656 r
1081 5609 1160 5683 114
1175 5613 1285 5665 eurora
1309 5610 1394 5665 iacent
1414 5613 1512 5683 sceptri
1533 5613 1590 5667 rice
1606 5611 1717 5670 tribuit:
1732 5617 1804 5686 quod

165 5681 250 5738 ιιυο.
272 5680 342 5741 Vicit
361 5694 426 5750 crgo
447 5677 520 5733 Curii
543 5691 652 5733 currunt
674 5678 809 5745 Metellum
826 5695 875 5733 nec
887 5680 959 5734 Curii
1013 5695 1047 5736 et
1070 5690 1161 5735 rutero
1186 5681 1377 5737 consuetudine
1401 5681 1509 5737 ductum
1525 5691 1575 5739 est.
1588 5680 1654 5735 Nattt
1670 5697 1732 5739 cunt
1749 5689 1812 5747 lacu

167 5749 271 5818 modu,
284 5752 332 5808 sed
346 5751 477 5816 abitrum,
490 5755 620 5818 quemuet
639 5756 732 5815 posteo
751 5749 997 5841 triumpharetur.
1014 5750 1172 5822 pingebatur
1192 5764 1202 5806 t
1219 5751 1291 5808 uode
1310 5751 1507 5828 iupnuiupipor
1527 5764 1637 5821 quoque
1656 5756 1823 5824 appellere„
