4090 6348
141 350 192 409 ssa
313 299 487 404 'numnam
503 345 539 418 tn
558 344 742 411 ntsroattn
760 334 903 393 nenses.
926 334 1074 395 rannac.
1093 339 1361 405 mensuramus
1380 333 1591 396 tttsruntcus.
1637 352 1666 381 2·
1709 332 1774 427 aot

140 458 234 528 lurido,
249 468 348 517 caetera
363 458 550 529 vetttqttaetie
566 472 683 525 eugenio
701 459 933 527 aliisquecooies·
944 460 1302 533 Arimaranfirmaaouem
1314 456 1514 512 aeneassrrit.
1529 455 1681 512 Locnmutl
1716 471 1774 513 runt
1840 505 1847 515 ,

1622 514 1635 539 ⁰·

131 531 246 593 ,sorthus
270 528 405 586 Africanis
432 528 549 597 proicit,
575 543 607 583 er
634 527 827 597 antiquioribus
850 536 932 600 atqtm
983 525 1411 598 relerreahrenoneritexquo
1425 525 1555 581 discimus
1570 535 1635 581 tantu
1652 526 1692 580 uir
1717 526 1776 582 eiu·

141 605 220 659 certis
233 601 416 656 incitamentis
428 597 564 654 hauserat.
577 595 708 653 Caeterum
722 613 753 653 ea
768 598 857 654 omnia
871 608 931 669 quae
983 598 1154 654 cuhratiunes
1168 596 1265 666 quihus
1278 596 1425 652 Ecclesiam
1443 595 1602 653 catholicam
1617 596 1773 656 tttustrartt.

24 692 26 711 ·
127 674 174 730 ,de
194 673 245 728 isac
262 671 450 738 persecutione
468 675 521 722 ιιιιι
538 671 564 722 iu
582 667 662 739 240
676 666 794 724 Historia
814 667 932 725 Franco·
983 669 1129 724 Siaatttem
1146 667 1227 722 hahet
1245 666 1270 722 in
1286 668 1466 722 uetustissimo
1485 677 1584 723 nostre
1605 666 1775 724 biblotheca*

140 760 198 801 rnm
216 758 296 813 quam
312 742 339 794 in
358 738 429 796 lihro
447 740 480 795 de
495 738 585 794 Gloria
599 742 745 811 hlartyrum
765 738 863 805 ret'ert,
882 755 931 794 sun
969 738 1072 795 ·Sanrti
1088 735 1214 795 Germani
1227 736 1320 793 codice
1333 738 1525 808 manuscripto,
1541 736 1637 793 litteris
1657 736 1774 791 Franco·

139 815 200 869 luco
215 813 327 869 inierint
340 809 536 875 exhibebimus,
552 824 612 865 curu
629 808 754 864 nonnulla
769 810 930 877 praemiseri·
982 808 1103 875 Gaiiicis,
1118 810 1175 865 sire
1188 806 1386 878 merovingicis,
1401 807 1434 863 ab
1449 807 1527 863 arinis
1540 808 1648 864 circiter
1662 819 1770 863 centurn

140 900 199 940 nnis
209 898 275 955 quas
293 882 327 937 de
346 880 401 936 iilis
418 881 593 937 sattctissimis
607 878 806 936 confessoribus
819 878 864 935 aiii
885 895 932 935 au·
982 893 1062 945 supra
1077 879 1160 942 mille,
1174 887 1202 932 ut
1212 876 1270 947 jam
1283 877 1408 946 diximus,
1422 888 1551 934 exarato:
1567 877 1698 950 Eugenius
1709 877 1773 933 Car-

140 964 229 1010 ctnres
241 952 353 1009 hahent.
983 948 1095 1022 thnqinis
1110 950 1205 1019 Africa
1224 947 1333 1003 ciuitatis
1347 949 1491 1016 episcopus,
1505 957 1530 1004 et
1544 954 1674 1021 consessor
1681 949 1774 1072 {uili-

172 1025 201 1080 Ξ.
219 1025 256 1080 De
271 1021 382 1093 hugonii
393 1019 561 1077 ordinatione
573 1019 612 1075 sic
624 1019 742 1091 loquitur
753 1017 845 1075 Victor
858 1016 932 1076 Tun·
983 1034 1038 1087 cus,
1054 1021 1147 1089 petitae
1166 1034 1182 1072 a
1197 1016 1340 1073 Chuneriao
1359 1017 1535 1074 vandalorum
1547 1035 1621 1090 rege,
1640 1031 1680 1074 rat
1700 1021 1773 1074 aiirte

141 1096 268 1151 turtunensis
288 1091 474 1165 episcopusin
492 1088 650 1146 Chronico:
670 1089 776 1145 i'irt'ana
801 1088 834 1144 i'.
856 1087 887 1146 C.
906 1100 931 1145 et
984 1089 1044 1158 fidei
1058 1090 1239 1155 expositionem
1253 1096 1279 1142 et
1293 1090 1404 1144 manime
1418 1089 1485 1143 uerbi
1503 1091 1612 1145 omousii
1631 1091 1771 1154 rationem,

143 1165 240 1219 iiasilio
261 1163 406 1220 consulibus
430 1159 637 1232 Carthaginensis
662 1160 780 1216 Ecclesia
802 1169 858 1229 post
879 1159 931 1215 Cu-
983 1161 1231 1215 causemuomnium
1240 1160 1421 1231 Africanorum
1433 1169 1456 1214 et
1469 1156 1630 1228 Maurorum,
1642 1159 1772 1216 Sardinia

141 1236 271 1304 precinui,
289 1232 488 1300 Quuduaitdeut,
501 1228 631 1304 Eugenius
643 1231 775 1350 epimacus
785 1230 930 1286 ordinatur.
983 1236 1008 1284 et
1019 1227 1133 1284 Corsica
1145 1230 1323 1302 episcoporum
1340 1239 1363 1285 et
1382 1231 1558 1298 emtletsoram
1575 1232 1618 1301 qui
1642 1231 1669 1284 ιἰι
1684 1235 1772 1285 eatito·

141 1309 233 1359 diutins
248 1306 290 1360 itis
303 1302 458 1360 consulibus
472 1302 626 1372 designatus
640 1299 710 1373 apud
749 1302 859 1356 ictorum
870 1316 932 1357 term
984 1299 1034 1354 lica
1053 1311 1244 1372 permanserunt
1266 1300 1328 1370 pide,
1350 1302 1492 1367 composuit
1509 1299 1603 1355 librum
1626 1301 1700 1369 poet,
1720 1318 1772 1356 non

142 1376 299 1432 Ciuistinnte
319 1389 390 1429 arina
410 1371 464 1428 ibn
478 1372 639 1440 respondet,
658 1385 712 1441 quo
735 1385 800 1426 stine
821 1371 932 1441 Engeuii
983 1369 1227 1427 solumsttuctarttnt
1241 1368 1448 1438 seripturarum,
1467 1372 1511 1427 sed
1531 1380 1555 1425 et
1569 1366 1679 1425 Pattutn
1700 1374 1771 1428 testi·

141 1447 274 1501 urilirmtin
289 1444 440 1512 ctitrsigttari
458 1444 559 1507 stertuit.
574 1442 676 1497 Etenim
698 1455 731 1496 ex
752 1442 862 1497 citerius
887 1441 932 1496 ht·
983 1441 1075 1496 manhu
1088 1440 1286 1507 cournturtitum·
1301 1451 1324 1494 et
1338 1457 1382 1512 per
1401 1441 1512 1511 coiiepnt
1533 1442 1699 1513 perimmanis
1721 1456 1773 1496 sure

142 1518 241 1579 cteris,
259 1514 375 1571 vitensis
395 1512 496 1568 scilicet
510 1511 643 1577 Historia,
658 1524 761 1568 certum
780 1519 823 1568 est
846 1511 932 1594 Euge·
983 1513 1097 1581 porrexit
1111 1511 1145 1565 ati
1165 1511 1327 1579 portandum.
1352 1510 1432 1583 [duta
1452 1511 1572 1579 perrexit.
1586 1508 1646 1567 darn
1659 1527 1718 1568 aera
1731 1529 1772 1565 trs·

142 1589 214 1643 trium
229 1588 292 1641 itttic
309 1585 438 1640 Ecclesiae
454 1582 607 1667 praelectum
628 1578 711 1637 luiss'e
729 1584 779 1637 suh
798 1581 932 1638 liutrcrtco
984 1579 1138 1653 mutandus]
1153 1597 1199 1651 pra
1219 1581 1302 1650 tidelis
1324 1580 1420 1652 linque
1437 1582 1639 1637 remuneratione
1657 1584 1685 1637 in
1706 1584 1773 1637 tasi·

142 1672 215 1728 rege,
231 1672 291 1711 cum
308 1656 433 1710 nimirum
454 1663 503 1708 nte
524 1651 652 1708 barbarus
667 1651 699 1708 sd
714 1651 828 1713 Zettuttis
848 1652 932 1723 impe·
984 1650 1065 1716 iiam,
1079 1652 1132 1706 triae
1150 1652 1191 1707 sai
1214 1652 1408 1706 camuranitort'a
1427 1652 1502 1718 fidei,
1521 1663 1547 1708 et
1564 1653 1640 1708 unius
1662 1655 1730 1724 sacri
1750 1663 1774 1706 et

142 1728 239 1783 rotatis
253 1725 427 1797 placidiaeque
440 1723 543 1796 Olybrii
558 1723 659 1778 relicte
672 1737 774 1793 preces,
791 1722 932 1779 catholicis
985 1722 1151 1775 consecrandi
1166 1721 1325 1789 baptismatis
1339 1723 1426 1778 auiim
1438 1724 1503 1789 suls,
1516 1724 1589 1794 quasi
1603 1733 1689 1788 pastor
1701 1724 1774 1779 soili-

143 1792 399 1868 Crrthagin'ensihus
409 1796 574 1863 permisisset
584 1792 701 1862 episcopi
712 1794 887 1858 eiectionem,
902 1802 932 1849 ut
984 1793 1050 1845 citus
1064 1792 1206 1861 dereliquit.
1218 1791 1402 1848 altercationes
1412 1808 1511 1866 quaque
1523 1810 1586 1863 quas
1598 1802 1686 1849 contra
1700 1796 1775 1849 dria·

143 1868 226 1923 insius
242 1876 332 1923 narrnt
351 1865 394 1921 illc
410 1872 502 1919 auctor
521 1863 581 1918 iihri
604 1880 622 1919 ιι
638 1865 723 1918 initio.
739 1865 772 1920 er
793 1878 864 1919 artato
879 1862 933 1919 tae
947 1845 973 1909 Β
985 1878 1031 1915 rtos
1048 1865 1170 1928 presules
1192 1878 1238 1933 per
1251 1864 1419 1918 internuntios
1439 1863 1546 1926 hahuit,
1565 1866 1732 1935 conscripsit‚·
1750 1872 1775 1922 et

143 1938 305 1995 Censcricus
331 1936 457 1992 liutteric‘t
481 1945 556 2003 pater
577 1943 604 1989 et
627 1948 774 2003 precessor
796 1935 883 1989 udhtrc
906 1934 932 1991 in
986 1931 1104 2004 lepontios
1118 1950 1162 2002 per
1175 1935 1300 2006 majorem
1314 1932 1557 1991 domusChnnsrieo
1576 1935 1678 1991 direxit.
1695 1936 1775 1992 sint-

144 2010 212 2064 riuis
232 2009 342 2080 agebat,
359 2014 386 2060 et
399 2000 473 2060 Zeno
488 2004 529 2059 his
549 2005 713 2073 temporibus
736 2003 852 2059 nurtdutu
868 2020 933 2059 con·
985 2000 1044 2056 liter
1054 2015 1078 2057 et
1088 2018 1174 2074 preces
1182 2021 1228 2075 pru
1238 2004 1321 2072 quiete
1332 2004 1538 2060 Christianorum
1547 2008 1627 2061 eidem
1636 2009 1702 2063 uelut
1712 2025 1775 2079 apa·

145 2079 287 2135 scenderat
302 2078 467 2145 imperialem
492 2075 630 2141 titrunum,
653 2077 691 2130 nti
709 2084 889 2146 certumnest,
906 2082 934 2131 et
985 2071 1066 2143 lugius
1082 2076 1181 2128 obtulit.
1201 2073 1291 2130 Vivere
1302 2075 1388 2128 adhuc
1404 2077 1440 2131 ad
1452 2078 1670 2145 confirmationem
1684 2076 1776 2133 Eoris·

144 2166 176 2205 cx
192 2151 252 2219 ipsu
267 2148 382 2204 iiicttnis
396 2146 584 2203 Tunnuucns'ts
602 2142 735 2201 Chronico
751 2146 856 2269 ssmbm
872 2161 935 2215 pos·
985 2143 1139 2198 sitedt‘citur.
1150 2142 1332 2200 excusantem
1346 2144 1455 2270 dugenti
1467 2147 1625 2216 opusculisu
1637 2147 1775 2206 Gentiadia

144 2231 193 2274 set.
208 2221 281 2275 Sane
294 2235 328 2274 ex
341 2217 400 2273 aliis
416 2216 597 2286 cumplurthus
610 2215 737 2272 i'ictorini
773 2216 832 2286 ujus
844 2214 932 2272 Claro·
985 2214 1135 2281 retentus,
1149 2224 1246 2284 praeter
1257 2215 1316 2272 uoci
1328 2212 1385 2271 Con
1396 2217 1510 2272 essiortis
1523 2215 1632 2284 iihtum,
1645 2221 1689 2288 qui
1702 2229 1775 2275 tutus

146 2292 195 2346 uici
210 2290 278 2346 iocis
291 2299 393 2346 canunt
413 2292 455 2342 est
470 2288 539 2341 hunc
558 2294 704 2351 auctorem,
718 2301 778 2342 cunr
792 2286 933 2355 episcopus
987 2282 1101 2339 Victoris
1124 2288 1245 2341 historiae
1260 2284 1375 2341 insertus
1395 2297 1453 2351 est,
1468 2296 1496 2342 et
1511 2290 1696 2360 suggerentium
1719 2290 1775 2345 liu·

146 2362 312 2417 diversarum
329 2360 432 2414 sedium
448 2367 588 2424 recenset,
604 2357 683 2412 simul
698 2358 723 2412 in
740 2372 820 2412 unum
835 2368 933 2411 arturum
985 2356 1079 2409 neriuu
1092 2356 1148 2426 regi
1165 2354 1296 2419 oblatam.
1311 2356 1381 2426 apud
1396 2357 1519 2413 eutttdem
1534 2369 1679 2423 auctorem,
1697 2361 1774 2419 unica

145 2432 236 2499 plures
257 2432 425 2501 congessisse
445 2438 512 2499 qnos
531 2432 625 2482 tamen'
641 2428 722 2482 uariis
743 2435 770 2482 et
790 2426 933 2497 plurimum
986 2434 1109 2495 superest
1122 2427 1179 2496 eius
1193 2426 1317 2494 epistola,
1331 2442 1410 2498 quarn
1424 2428 1451 2485 iu
1463 2428 1587 2485 etstiium
1601 2429 1774 2501 abripiendae

145 2503 245 2558 dissitis
256 2501 421 2568 temporibus
431 2499 567 2553 ordinatos
578 2498 659 2554 inisse
671 2512 751 2559 nemo
761 2498 931 2553 inliciahitur.
986 2495 1019 2550 ati
1037 2510 1101 2551 suot
1115 2499 1189 2553 cives
1202 2497 1425 2569 Carthaginenses
1445 2499 1621 2569 conscripsit,
1640 2512 1670 2555 ot
1685 2516 1733 2557 eos
1746 2504 1774 2560 in

144 2572 186 2627 Sic
200 2573 281 2641 pauiu
298 2570 409 2628 ittlerlus
429 2568 571 2635 iiilarlum,
585 2565 761 2639 Simplicitum
774 2577 801 2622 et
814 2568 932 2624 Felicem
987 2567 1039 2619 ilde
1058 2566 1188 2622 catitntica
1203 2568 1383 2625 conhrmaret.
1402 2570 1473 2625 lianc
1492 2584 1646 2639 porrorum
1665 2571 1723 2629 aliis
1739 2572 1774 2629 si·

145 2642 287 2709 puntiitccs
299 2640 433 2697 humanos
446 2642 473 2695 in
489 2654 570 2693 unum
585 2642 722 2709 congerit,
736 2638 806 2695 sicut
822 2647 849 2693 et
862 2640 934 2694 Gen·
987 2636 1093 2690 uuiiihus
1110 2640 1158 2692 hac
1170 2649 1236 2693 rose
1248 2639 1456 2705 cornnmuituria,
1468 2654 1530 2699 seu.
1545 2648 1575 2694 nt
1588 2640 1651 2695 editi
1665 2642 1775 2712 hahent,

146 2714 271 2778 taedium,
285 2711 437 2767 Anatolium
457 2721 484 2766 ct
499 2712 623 2765 acacinm
643 2710 783 2780 episcopos
801 2707 934 2764 Constan·
987 2706 1107 2778 epistolas
1120 2706 1177 2764 desi
1197 2710 1253 2763 utari
1275 2707 1386 2765 dubium
1408 2725 1461 2765 ιιοιι
1484 2719 1535 2766 est.
1558 2706 1686 2768 Eamdcur
1707 2713 1776 2769 inira

147 2780 348 2851 titiopolitanus,
364 2792 408 2849 et,
424 2791 452 2835 ut
473 2790 586 2836 ceteros
600 2787 717 2843 taceam.
739 2780 931 2848 Alexandrum,
987 2792 1019 2833 cr
1032 2776 1163 2848 Gregorio
1174 2724 1342 2846 horruerat,
1357 2782 1401 2851 qui
1417 2780 1494 2836 nobis
1508 2782 1579 2836 illam
1594 2787 1773 2856 consecravit,

146 2852 299 2924 Martyrium
312 2860 339 2906 ct
352 2850 485 2908 italianunt
501 2850 692 2906 Antiochenos.
708 2851 784 2906 tidde
798 2849 932 2908 Victorem
986 2847 1171 2905 exhibebimus
1185 2850 1218 2905 ad
1236 2851 1340 2918 aliquot
1360 2852 1555 2923 manuscriptos
1574 2852 1680 2910 codices
1693 2855 1776 2911 colla-

147 2940 180 2979 ιι
197 2923 249 2979 ioci
267 2923 364 2978 nullam
384 2922 539 2992 deogratias
558 2922 676 2991 episcopi
700 2920 795 2978 iecisse
816 2924 932 2976 montio·
987 2927 1052 2973 tum.

144 3010 232 3048 nrm:
252 3006 328 3066 quem
353 3003 443 3048 tamen
468 2992 537 3047 inter
559 2990 788 3060 Quodvultdcutn,
812 2994 857 3061 qul
883 3005 933 3061 pro
1021 2986 1049 3043 d.
1065 2989 1214 3047 cardinalis
1233 2990 1374 3057 Bardnins,
1390 2991 1424 3047 ad
1444 3007 1542 3048 anuum
1557 2992 1621 3060 itis,
1636 2996 1776 3053 contendit

146 3066 198 3120 lide
218 3067 244 3118 in
259 3065 379 3119 easihnm
400 3062 492 3133 pulsus
511 3072 566 3129 est,
588 3073 616 3117 et
636 3059 785 3132 Eugenium
805 3060 932 3118 Ecclesiae
988 3060 1134 3130 Eugenium
1148 3079 1163 3116 a
1178 3062 1356 3120 Gutttubundo
1375 3062 1500 3119 iiunerici
1522 3078 1679 3120 successore
1701 3069 1776 3125 uario

144 3134 349 3205 tiirtlraginensl
364 3134 501 3204 psaetntsse
515 3141 630 3188 constan.
646 3134 678 3188 Αι
693 3132 803 3204 Eugenii
824 3134 933 3188 ordina·
985 3132 1158 3201 exagitatum,
1171 3141 1199 3191 et
1211 3133 1319 3189 tandem
1331 3145 1405 3189 extra
1417 3132 1533 3190 iliricum
1543 3135 1659 3205 ejectum
1675 3135 1701 3191 in
1713 3136 1777 3193 Gai·

145 3206 226 3259 tionis
240 3213 347 3275 tempus
360 3220 392 3260 er
408 3206 485 3289 longe
503 3204 661 3260 certioribus
675 3204 838 3272 argumentis
857 3203 933 3259 colii·
946 3220 971 3284 C
986 3201 1035 3256 iias
1049 3205 1195 3275 appulisse,
1209 3214 1290 3273 atique
1304 3204 1340 3260 ibi
1355 3206 1425 3274 apud
1441 3206 1611 3276 albigensem
1625 3206 1776 3278 Aquitaniae

162 3290 206 3331 ere
219 3276 296 3343 licet,
314 3291 346 3341 er
361 3275 394 3332 iis
406 3277 510 3330 scilieet
526 3289 585 3344 quea
603 3287 683 3345 supra
697 3287 757 3343 cup.
770 3268 798 3341 6,
814 3288 888 3328 nutu.
902 3273 932 3342 d,
988 3272 1123 3330 ciuitatem
1138 3276 1188 3331 hoc
1200 3276 1259 3345 ipsu
1269 3276 1340 3331 anno
1350 3291 1429 3346 quern
1440 3277 1520 3331 ctiam
1531 3279 1586 3347 regi
1598 3275 1777 3335 Guntabundu

142 3292 176 3401 'he
199 3348 281 3402 heato
302 3345 457 3417 deogratias
477 3344 535 3415 ejus
557 3344 700 3400 decessore
722 3345 932 3400 absermttmus.

143 3420 210 3471 tium
224 3420 296 3472 enim
310 3433 342 3471 ex
358 3418 500 3488 hispaleat
514 3414 667 3486 deogratias
679 3426 750 3470 aimo
762 3415 869 3471 circiter
878 3415 933 3472 ihi

145 3490 176 3542 ad
188 3502 301 3557 superus
312 3488 419 3551 abiisse,
434 3487 594 3558 aliundequc
608 3498 641 3542 ex
653 3485 759 3541 Victore
768 3484 870 3542 Vitensi
884 3486 931 3545 llh.

53 3582 59 3594 ·
145 3573 177 3622 n,
194 3576 269 3613 ιιιιιιι.
291 3561 323 3627 1,
345 3568 458 3623 certum,
471 3558 505 3613 sit
527 3557 671 3612 Ecclesiam
694 3555 933 3626 Carthaginensem

144 3630 220 3684 :inuris
248 3628 285 3683 st
311 3638 370 3700 pust
395 3631 479 3697 ipsius
501 3627 604 3683 ohltutu
626 3628 753 3694 episcopo
777 3627 932 3682 destitutam

146 3702 293 3765 utarisisse;
309 3709 381 3771 patet
394 3713 500 3771 quoquc
514 3696 625 3768 liugetuii
641 3697 855 3767 ordinationem,
869 3698 932 3768 qui,

144 3782 171 3823 ut
184 3786 217 3825 cs
232 3772 325 3826 eudem
339 3782 446 3824 attcture
461 3769 599 3837 discimus,
614 3767 694 3824 beato
708 3769 860 3837 deogratias
873 3780 934 3824 suc·

143 3842 243 3907 cessit,
256 3854 330 3896 annu
346 3840 452 3896 circiter
466 3838 515 3895 ist
534 3839 633 3894 dehere
647 3837 809 3907 consignari.
829 3840 861 3892 iit
875 3838 935 3909 qui-

143 3912 205 3966 dem
219 3911 270 3967 hoc
284 3925 354 3965 anno
369 3912 485 3966 nundum
499 3919 589 3981 operta
603 3916 661 3964 erat
674 3914 765 3978 grauis
782 3907 827 3962 iiia
842 3923 934 3977 perse-

145 3988 218 4037 cutio
257 3997 288 4037 ua
303 3981 450 4037 littuericns
466 3991 555 4047 postea
573 3990 627 4035 tam
650 3981 767 4050 grauiter
782 3979 933 4034 Africanam

143 3996 263 4107 turbarit
282 4052 444 4119 Ecclesiam,
459 4062 583 4120 utsupra
605 4064 664 4119 cap.
681 4048 841 4119 precedenti
857 4064 932 4105 utum.

147 4120 179 4179 lh
189 4132 219 4178 et
233 4125 351 4193 sentienti
363 4124 544 4191 exposuimus.

177 4196 206 4250 ὅ.
226 4192 309 4249 Porro
323 4192 414 4249 Victor
428 4190 616 4248 Tuituoncnsis
634 4190 695 4247 ioco
712 4188 820 4246 laudato
837 4190 933 4247 obser·

143 4277 186 4319 rat
196 4265 345 4334 lingentium
365 4271 420 4336 part
431 4264 488 4317 dira
502 4263 577 4316 amri
589 4262 680 4318 casilia
694 4263 809 4329 piurimis
819 4262 935 4333 afflictio·

142 4336 221 4389 nilus
243 4335 373 4406 patrisne
387 4335 483 4389 ciarum
506 4334 576 4404 apud
597 4346 683 4387 omues
698 4332 795 4397 luisse,
811 4332 882 4400 quud
900 4346 935 4389 es

143 4408 258 4461 aliarum
273 4408 353 4460 etiam
369 4404 487 4473 eiusdem
506 4404 556 4458 aeui
577 4402 748 4458 illustriorum
769 4404 930 4472 scriptorum

140 4474 306 4532 'testimoniis
317 4474 469 4530 cottiirmari
485 4482 580 4541 potest.
596 4472 632 4530 he
646 4473 686 4528 his
699 4475 805 4542 quarab
819 4476 936 4531 Antonio

140 4546 353 4602 Tanrailumcusi
372 4546 529 4605 etiamnum
553 4544 679 4613 episeopo
700 4546 725 4598 in
747 4546 842 4600 exsilio
861 4543 931 4617 apud

142 4632 202 4672 cnm
215 4618 377 4672 constitutus
392 4616 515 4685 pertulit,
529 4630 581 4670 trun
591 4615 670 4669 alium
680 4615 825 4683 quaarlnms
836 4624 931 4671 testem

141 4699 243 4757 morter
256 4686 392 4742 Victorem
405 4688 551 4751 iriensem,
563 4698 641 4756 quem
657 4687 796 4741 constricte
807 4686 871 4741 iicet
884 4686 929 4741 tlh.

140 4768 167 4825 r,
187 4774 264 4813 ttutn.
280 4760 323 4814 ll.
344 4756 434 4812 dirimi
452 4764 518 4811 vero
538 4757 619 4825 ipsius
642 4755 851 4823 magnitudinem
892 4759 933 4810 iu·

141 4830 243 4884 timum
261 4830 431 4883 commendat
451 4826 573 4883 Gdasius
587 4838 654 4896 papa
671 4826 698 4881 in
711 4823 822 4892 epistola
844 4826 856 4879 i
898 4829 933 4882 ad

141 4899 285 4969 episcopus
299 4894 454 4961 onustius,
470 4898 566 4968 quihus
587 4895 697 4968 Erigettil
717 4897 933 4967 collegarumque

140 4970 213 5025 imus
230 4968 379 5041 crenrpium
399 4976 461 5024 ante
474 4970 566 5022 ocutos
581 4973 673 5036 putuit,
687 4976 717 5021 ιιι
730 4981 744 5020 ι
759 4978 788 5021 ιι
808 4972 935 5023 sacerdo·

141 5046 197 5094 turn
220 5052 281 5096 esse
303 5041 439 5100 ostendat.
465 5038 611 5107 principum
632 5034 773 5093 conatibus
788 5037 930 5104 obsistere,

140 5125 202 5166 tum
221 5111 294 5180 regia
314 5108 471 5165 tittctarhate
487 5106 597 5162 ‘urnam
620 5108 740 5162 nituntur
752 5118 783 5162 ca
805 5122 863 5177 quoe
885 5109 933 5163 ad·

138 5180 361 5250 sersus'jttstitiie
375 5181 448 5251 legas
465 5172 539 5233 iittnl.
562 5174 637 5235 Ecce.
658 5178 756 5248 inquit,
777 5192 859 5247 nuper
874 5174 934 5232 liu-

139 5253 228 5305 iterim
239 5253 296 5323 regi
313 5250 463 5305 Vandalicis
474 5250 596 5314 notiores,
610 5249 649 5301 cir
661 5262 767 5317 magnus
780 5257 804 5302 et
815 5251 934 5317 egregius

139 5322 261 5377 sueardus
270 5330 298 5377 'et
318 5320 447 5393 hispanias
459 5318 669 5391 Carthapirtontir
682 5320 825 5389 episcopus,
841 5318 933 5374 multi·

137 5406 189 5457 true
203 5408 262 5447 eunt
276 5394 367 5447 eadam
392 5390 510 5445 remeari
529 5388 673 5444 imatores
691 5388 770 5460 2!ss
785 5398 932 5447 cunstamcr

138 5465 290 5517 resntemmt
318 5461 449 5531 tamarid,
478 5471 619 5531 aurtrtaque
641 5470 753 5514 eatrenm
777 5462 928 5533 tolerantes,

138 5535 265 5603 hodieque
286 5533 488 5599 persecutoribus
501 5531 617 5585 resistere
635 5546 685 5585 nau
705 5533 833 5586 omittunt.
850 5532 932 5585 [itanu-

139 5606 202 5659 tiem
217 5605 414 5659 satiatissiumttt
427 5604 571 5658 antistitem
582 5603 734 5671 carricaturis
748 5602 845 5671 prrhiiai
855 5605 933 5658 tituto

138 5687 254 5729 ctorrrat
271 5674 425 5729 Guttnaditta
441 5672 614 5727 iiassiiienis
629 5674 654 5726 in
670 5673 797 5743 iiataiogo
817 5674 932 5744 scripto·

138 5758 199 5799 rum
218 5746 475 5808 ecclesiasticorum,
488 5752 567 5812 quem
582 5746 687 5798 virente
707 5744 793 5798 adhuc
813 5744 932 5815 [iugenio

138 5816 275 5871 scrihebat
289 5832 295 5870 ι
312 5816 347 5871 ihi
359 5817 511 5878 ettittt,rap.
525 5812 569 5878 nt,
588 5816 867 5877 tingeuiotnttatuernt
881 5812 934 5868 Ec·

985 3354 1135 3401 extremum
1156 3346 1238 3401 luisse
1257 3347 1333 3412 dicit,
1346 3362 1362 3403 e
1375 3350 1440 3399 rivis
1460 3350 1619 3403 excessisse.
1644 3349 1677 3402 dt
1694 3348 1725 3404 V.
1739 3347 1773 3407 C.

985 3415 1115 3472 iieuricos
1134 3416 1266 3485 horisius,
1293 3417 1339 3472 iih.
1353 3433 1371 3471 ιι
1393 3418 1515 3472 iiisturius
1539 3417 1697 3488 Pelagiann,
1711 3434 1773 3488 cap.

983 3485 1029 3552 hi,
1044 3487 1153 3558 Eugenii
1169 3487 1271 3544 ubitam
1289 3489 1393 3542 nonnisi
1408 3488 1539 3544 decennio
1555 3499 1615 3556 pust
1629 3492 1775 3560 contigisse

984 3557 1128 3614 existimat.
1145 3559 1177 3614 Et
1193 3562 1289 3614 merito
1299 3560 1416 3628 quidem.
1430 3559 1494 3614 tta-n
1508 3558 1599 3615 Victor·
1612 3559 1777 3617 Tnnnunen·

984 3627 1022 3682 sis
1036 3629 1148 3685 antistes
1164 3630 1189 3684 in
1203 3628 1348 3695 Chronico,
1359 3629 1403 3700 qui
1416 3630 1471 3698 jam
1494 3640 1583 3697 antea,
1601 3637 1629 3684 ut
1643 3630 1774 3697 diximus,

984 3697 1134 3768 Eugenium
1158 3709 1215 3768 past
1229 3699 1328 3755 diuersa
1347 3701 1424 3754 eremi
1449 3701 1549 3765 casilia,
1571 3699 1689 3770 plurimis
1710 3703 1776 3773 aiiii-

984 3770 1108 3823 ctiunihut
1120 3778 1143 3823 et
1157 3770 1237 3837 pteut's
1251 3772 1350 3823 ciarum
1362 3770 1444 3824 luisse
1458 3770 1572 3833 dixerat,
1587 3771 1695 3826 disertis
1714 3788 1775 3827 rer·

984 3837 1129 3894 hisasserit
1141 3842 1264 3895 eumdem
1276 3849 1398 3896 sanctum
1409 3840 1495 3894 uirum
1505 3839 1696 3897 suhi'lreudori
1708 3857 1771 3898 cotr-

984 3911 1084 3975 suiatn,
1096 3910 1121 3965 td
1133 3918 1174 3964 est
1183 3911 1298 3981 uulgaris
1307 3926 1367 3964 term
1378 3925 1448 3964 anrtu
1460 3908 1521 3976 505,
1535 3920 1667 3965 mortuum
1681 3913 1772 3969 luisse.

985 3979 1025 4033 En
1040 3979 1098 4046 eius
1121 3981 1202 4036 rerba
1222 3998 1230 4035 z
1252 3979 1383 4035 iltrudem
1402 3979 1435 4035 V.
1459 3978 1488 4035 C.
1516 3982 1619 4033 contule
1644 3980 1775 4051 Eugenium

985 4050 1192 4122 Carthaginensis
1216 4053 1349 4123 episeopus
1367 4056 1498 4118 catulaster
1515 4050 1633 4103 moritur.
1662 4051 1717 4109 Nec
1737 4052 1774 4108 ihi

985 4135 1029 4175 res
1054 4122 1143 4189 plnres
1165 4122 1190 4174 in
1212 4134 1293 4176 unum
1317 4122 1519 4176 commiscuisse
1539 4119 1630 4174 Victor
1652 4122 1774 4179 accusari

985 4199 1083 4261 potest,
1099 4201 1127 4246 ut
1148 4196 1276 4260 saprade
1295 4206 1327 4247 eo
1340 4192 1495 4247 dicebamus
1510 4209 1516 4244 ε
1531 4205 1591 4245 curn
1608 4205 1705 4262 trentpe
1730 4191 1775 4250 hic

986 4261 1019 4316 de
1034 4262 1092 4317 snio
1112 4263 1223 4331 h'ugcnii
1242 4262 1318 4318 ohitu
1334 4262 1414 4318 rerba
1431 4263 1519 4324 iaciat,
1537 4262 1660 4331 superius
1683 4273 1774 4319 autern
1795 4289 1799 4299 ι

987 4347 1031 4386 res
1050 4334 1147 4387 multas
1163 4334 1243 4389 variis
1261 4335 1425 4404 temporibus
1441 4340 1531 4403 gestas
1556 4332 1584 4386 in
1603 4348 1685 4388 unum
1697 4336 1774 4403 quasi

986 4402 1141 4458 lascicuium
1165 4407 1340 4474 congesserit.
1362 4403 1459 4460 Sedet
1480 4403 1594 4458 Victoris
1619 4404 1775 4461 testimonio

986 4476 1096 4528 alterius
1110 4475 1192 4529 etiam
1207 4475 1310 4545 stratiqul
1324 4475 1463 4543 scripturis
1477 4474 1664 4529 anctoritatem
1680 4474 1775 4544 adjun-

986 4544 1111 4612 giriden
1136 4545 1267 4611 horisius,
1295 4544 1436 4616 lragtneuti
1463 4545 1565 4601 scilicet
1588 4547 1773 4613 vetustissimi,

983 4616 1055 4685 qunti
1070 4617 1185 4684 Tyronis
1204 4616 1338 4671 Chronico
1351 4616 1522 4681 subjunctum
1541 4622 1583 4669 est
1604 4615 1674 4684 apud
1695 4618 1775 4671 tiani-

984 4687 1054 4740 sium
1071 4698 1144 4740 tunm
1164 4687 1172 4742 i
1191 4686 1326 4742 Lectionis
1342 4686 1476 4755 Antiquae,
1488 4685 1533 4739 ubi
1544 4682 1724 4741 Guntahando
1739 4688 1774 4742 itu

985 4756 1118 4827 diogenius
1128 4766 1255 4827 acceptus
1268 4756 1349 4812 luisse
1363 4756 1470 4815 dicitur.
1487 4768 1516 4811 ut
1539 4755 1618 4813 abeo
1635 4771 1698 4827 rege
1722 4772 1774 4813 nott

984 4828 1071 4882 solum
1082 4828 1139 4896 ipse
1153 4829 1188 4881 ab
1201 4826 1296 4883 etsiiio
1317 4828 1395 4881 tuerit
1417 4824 1498 4898 242
1520 4836 1671 4891 resocatus,
1685 4828 1732 4883 sed
1748 4840 1776 4884 ct

984 4897 1091 4951 ceteris
1103 4912 1210 4967 quoque
1229 4897 1392 4951 antistitibus
1407 4896 1565 4952 orthodoxis
1585 4897 1696 4966 sugenti
1712 4913 1775 4966 prc-

985 4962 1060 5022 cihus
1075 4968 1178 5037 integra
1194 4967 1302 5024 libertas
1318 4966 1399 5022 luerit
1418 4967 1551 5022 restituta.
1566 4966 1775 5031 drasamundus,

986 5038 1074 5107 inquit
1093 5038 1138 5092 iiie
1157 5048 1259 5100 ιιιιοι,
1286 5038 1359 5092 tertio
1376 5053 1445 5092 utino
1462 5036 1588 5110 repulsuri
1606 5039 1776 5092 coenmtcrirtut

986 5108 1067 5163 sancti
1081 5117 1147 5162 murt
1165 5110 1200 5162 ris
1210 5108 1293 5180 iiqiiei
1303 5109 1372 5179 apud
1384 5106 1563 5180 Carthaginem
1574 5106 1706 5163 catholicis
1715 5109 1775 5163 dare

986 5178 1115 5251 praemit,
1156 5180 1247 5250 uqenio
1262 5178 1459 5246 Carthaginensi
1472 5179 1669 5259 episcopmjarn
1683 5180 1714 5234 de
1729 5194 1775 5234 ea·

986 5250 1044 5305 silio
1057 5258 1183 5303 reuocato.
1198 5249 1265 5303 'inm
1276 5249 1427 5319 subjungit:
1443 5248 1549 5303 Decimo
1558 5258 1644 5303 autem
1656 5267 1722 5305 anuo
1737 5267 1776 5304 re-

986 5322 1030 5394 gni
1043 5322 1085 5375 sui
1106 5322 1225 5375 ecclesias
1239 5321 1424 5375 catholicorum
1441 5321 1554 5389 aperuit,
1573 5330 1597 5374 et
1618 5335 1705 5376 omnes
1730 5320 1775 5376 Det

986 5394 1139 5456 sacerdotes,
1159 5399 1256 5462 petente
1273 5390 1467 5461 Carthaginensi
1489 5391 1669 5462 episcopatis
1688 5392 1776 5446 rasilis

986 5458 1121 5516 rmocouit.
1139 5463 1210 5517 idem
1221 5476 1327 5532 quoqne
1343 5466 1475 5515 testantur
1489 5462 1646 5531 posterioris
1665 5466 1713 5516 aeui
1730 5476 1774 5513 nn·

986 5546 1085 5597 atores,
1099 5531 1170 5588 i'nter
1180 5547 1247 5601 quius
1258 5533 1593 5588 ilermattuusCoutraetus
1610 5533 1636 5586 in
1644 5530 1774 5585 Chronica·

985 5602 1084 5656 laudati
1101 5604 1240 5673 fragmenti
1255 5601 1334 5658 rethe
1344 5601 1523 5671 exscripsisse
1533 5603 1649 5665 uidetur,
1665 5608 1774 5655 testatus

986 5672 1044 5728 Gun
1057 5675 1191 5728 aiittndutu
1207 5675 1312 5729 decimu
1327 5677 1400 5740 regni
1421 5676 1460 5728 sui
1476 5688 1547 5726 atina
1561 5671 1621 5726 cath
1634 5673 1706 5723 niens
1720 5684 1772 5722 ont·

987 5758 1034 5798 nus
1045 5743 1198 5813 episcopos,
1212 5744 1392 5815 persuadente
1406 5744 1522 5812 iitrgcruin
1539 5743 1675 5809 episcopa,
1690 5742 1772 5793 aiten-

987 5816 1048 5869 silto
1062 5828 1215 5872 revocasse.
1227 5824 1254 5871 et
1265 5814 1310 5869 tiiu
1326 5817 1430 5869 clausas
1443 5812 1571 5867 ecclesias
1606 5824 1654 5865 ace
1674 5810 1773 5887 reddiit
