4090 6348
81 473 91 493 .
201 434 253 493 165
290 428 295 434 ’
835 425 1075 487 estatotstttttt
1093 428 1157 486 tte.
1176 428 1199 485 l.
1783 430 1834 490 lid

199 548 390 627 prolixitatem,
403 543 591 614 voluptuosius
605 558 676 599 nune
689 551 702 582 ¹
717 542 838 612 opusculi
852 542 935 615 ipsius
948 559 994 599 re·
1007 546 1032 604 tt
1046 545 1162 614 quinque
1175 540 1325 599 Brundusio
1339 544 1472 613 prolectas
1485 544 1539 617 25
1551 556 1612 600 cunr
1626 543 1768 613 speciebus
1781 547 1834 602 tri·

200 640 321 716 legendis
340 639 462 697 uersibus
484 635 680 702 immorabere,
697 634 774 701 scio;
799 643 877 706 atque
891 633 926 690 ob
941 634 993 692 lroc
1046 634 1089 691 tici
1105 650 1136 691 ae
1147 634 1245 703 mellis,
1258 635 1326 691 ostia
1340 635 1464 692 Tiberina
1480 635 1609 705 tetigisse.
1624 634 1741 702 Quarum
1751 652 1835 693 onera

200 751 309 796 carmen
327 733 414 805 ipsum
430 731 527 802 loquax
549 728 577 785 in
595 720 821 797 consequentibus
835 726 928 782 charta
943 726 992 783 de·
1044 725 1236 796 exspectationi
1257 726 1361 795 plebis,
1378 726 1477 796 siquid
1500 735 1608 784 strenue
1630 727 1718 797 gerit,
1737 728 1835 796 raptim

200 839 308 908 pomp,
329 844 389 902 (μοι
404 841 453 899 pro
467 841 510 882 mu
529 824 637 881 interim
652 822 715 880 doru
734 824 813 878 renio
832 821 928 878 diebus
943 821 992 878 ribi
1045 817 1124 872 laciet
1140 816 1250 883 ollerri,
1265 818 1499 875 commendaturus
1515 833 1546 875 se
1566 817 1631 874 mihi
1644 860 1652 888 ,
1666 834 1710 876 me
1724 820 1832 891 populo,

200 925 320 1000 pauculis
338 919 543 978 sermocinetur.
568 916 618 971 Cui
632 917 654 972 si
668 916 800 972 examinis
824 915 862 972 tul
886 928 993 985 quoque
1045 918 1187 979 utrumque
1200 908 1258 965 tihi.
1273 902 1349 965 liele.
1663 975 1669 983 ἢ

201 1027 296 1094 puncta
312 1015 480 1081 tribuantur,
499 1026 575 1083 teque
593 1019 698 1082 gratum
723 1008 806 1077 mihi,
830 1023 862 1063 ac
874 1008 896 1064 si
911 1024 954 1065 me
966 1007 994 1064 iu
1327 1003 1492 1063 epistota
1510 1007 1556 1063 xl.

200 1110 310 1169 comitio
337 1107 379 1162 rel
402 1105 472 1160 inter
493 1111 579 1158 rostra
608 1101 804 1169 noncionante,
835 1098 868 1154 ari
893 1099 994 1169 sophos
1213 1096 1335 1153 Sidonias
1352 1095 1361 1135 l
1379 1097 1477 1154 Moutio
1492 1116 1538 1155 roo
1550 1101 1665 1157 salutem.

200 1217 313 1269 meum,
335 1214 388 1254 non
404 1194 484 1252 modo
499 1192 544 1249 lati
558 1191 647 1258 elati,
669 1190 716 1247 sed
733 1189 869 1246 tribulium
886 1201 994 1259 quoque
1081 1187 1152 1246 Petis
1166 1188 1229 1255 tihi,
1245 1189 1289 1245 air
1302 1187 1491 1259 disertissime,
1506 1190 1643 1263 Sequanos
1658 1202 1717 1249 tuos
1731 1195 1834 1265 expeti-

201 1297 291 1367 lragor
303 1291 494 1349 concitaretur.
512 1284 584 1342 Sane
604 1297 712 1354 moneo,
728 1297 837 1354 praeque
852 1280 993 1359 denuntio,
1047 1286 1106 1335 turo
1119 1288 1235 1352 satyram
1249 1280 1453 1361 nescioquam,
1469 1283 1493 1338 si
1506 1283 1541 1338 sit
1555 1268 1662 1340 anobis
1676 1287 1833 1355 perscripta,

202 1382 357 1461 quisquilias
372 1382 444 1451 ipsas
457 1377 531 1433 clius
546 1385 597 1431 tum
612 1373 775 1430 hexametris
794 1373 903 1430 minime
924 1388 996 1431 exae·
1046 1370 1188 1427 transmitti
1200 1387 1207 1425 :
1219 1371 1289 1442 quud
1301 1373 1423 1443 equidem
1436 1382 1462 1429 te
1475 1374 1625 1445 postulasse
1635 1377 1763 1433 demiror.
1777 1377 1835 1437 Non

202 1494 279 1552 ques.
302 1477 397 1533 llerito
411 1473 483 1529 enirn
494 1470 591 1526 collata
603 1469 699 1525 restris
714 1481 773 1524 urea
787 1468 925 1535 earmina,
941 1481 995 1524 noa
1045 1463 1117 1520 cuim
1129 1473 1250 1520 sarnetum
1260 1475 1312 1534 est,
1323 1466 1395 1523 utdo
1408 1466 1527 1524 moribus
1538 1469 1616 1525 amici
1626 1470 1680 1526 citu
1692 1485 1835 1542 perperam

202 1569 372 1627 heroicorum
385 1564 512 1636 phaleris,
526 1560 573 1618 sed
583 1558 806 1631 epitaphistarum
817 1558 913 1614 naeniis
922 1572 995 1614 coru·
1045 1558 1155 1615 sentias.
1180 1558 1245 1616 lluic
1258 1574 1331 1616 eram
1357 1561 1467 1617 themati
1481 1562 1582 1619 scilicet
1603 1562 1793 1628 incubaturus,
1807 1562 1835 1619 iti

203 1660 376 1734 parabuntur.
391 1656 427 1711 dr
445 1664 533 1710 tamen
549 1651 650 1723 gaude,
665 1650 719 1725 24
731 1651 803 1721 quod
817 1649 862 1706 hic
877 1651 935 1720 ipse
948 1663 996 1720 pa·
1044 1650 1192 1722 inmergens
1205 1653 1264 1719 otii,
1279 1654 1359 1724 idque
1374 1653 1475 1712 habeus
1488 1657 1548 1723 aeri,
1563 1657 1634 1728 quud
1645 1657 1770 1727 iuvenem
1785 1657 1835 1712 mi-

203 1754 357 1826 negyricus,
377 1757 405 1806 et
424 1748 445 1804 si
461 1762 514 1804 non
534 1745 675 1816 judicium,
694 1754 767 1801 certe
786 1752 912 1801 eventurn
933 1742 996 1799 huni
1046 1743 1220 1817 litantcmque
1238 1746 1355 1803 dictasse
1374 1750 1605 1819 praesumptiosum
1620 1750 1728 1817 inisset,
1744 1749 1834 1819 publi·

202 1847 292 1919 operis
316 1841 427 1913 aceepit.
452 1839 640 1909 Quapropter,
665 1836 688 1893 si
711 1844 800 1893 tamen
823 1835 918 1894 tetrica
932 1842 996 1891 sunt
1045 1850 1123 1893 casse
1133 1846 1222 1893 autem
1237 1837 1427 1907 periculosum.
1442 1839 1491 1896 Cui
1504 1854 1619 1911 namque
1631 1842 1836 1911 grammaticum

202 1934 361 1995 amoenanda
370 1932 546 2003 locutoribus,
557 1928 618 1984 uolo
630 1928 751 1998 paginam
762 1928 891 1997 glorioso,
904 1926 929 1982 id
940 1934 992 1995 est,
1008 1920 1087 1984 Bael
1101 1927 1226 1983 salutanti
1243 1927 1358 1985 Calaber
1372 1928 1418 1987 ille
1432 1945 1485 1986 nou
1500 1931 1585 1987 dixit:

203 2028 278 2102 quasi
292 2024 484 2083 Thrasoniano
498 2023 550 2078 dne
571 2020 747 2089 concludere,
763 2019 879 2076 Plautini
895 2019 994 2091 Pyrgo-
1106 2040 1201 2091 Μ,
1216 2042 1351 2095 000⁶de
1361 2045 1386 2093 q„
1403 2058 1475 2108 quem
1486 2047 1541 2109 quir
1552 2047 1666 2108 mmm·
1675 2047 1715 2109 jus
1726 2053 1773 2109 w,

202 2121 335 2195 polynicis
350 2119 476 2174 imitator.
501 2115 583 2186 igitur
595 2124 656 2170 cnm
673 2114 707 2169 ad
728 2113 930 2183 prolecturam,
944 2112 995 2168 suh
1107 2103 1298 2166 tudtcturuquet

203 2229 256 2287 ope
267 2212 378 2280 Christi,
393 2209 456 2281 styli
469 2207 609 2263 occasione
624 2206 801 2277 pervenerim,
816 2204 910 2274 iubeas
923 2203 996 2259 ilicet
1081 2204 1133 2261 scd
1146 2207 1257 2276 nequid
1277 2206 1346 2263 ultra
1362 2216 1390 2263 tu
1404 2210 1438 2265 de
1451 2209 1535 2265 sodali
1548 2210 1635 2265 simile
1649 2210 1754 2279 credas,
1770 2209 1834 2281 quid

205 2306 282 2379 bpro
296 2310 430 2377 potestate
451 2290 581 2367 cinctuti,
604 2296 722 2369 undique
744 2297 863 2353 omnium
887 2295 998 2355 laudum
1045 2294 1125 2351 luerit
1138 2296 1219 2364 illud,
1239 2298 1311 2368 qnod
1325 2313 1368 2355 mc
1385 2299 1502 2355 sinistras
1514 2316 1607 2357 rumor
1621 2316 1653 2358 ae
1671 2300 1759 2356 lomus
1777 2299 1836 2370 opi-

205 2395 356 2454 eonrasatis
369 2390 616 2456 acclamationibus,
633 2390 666 2445 ad
679 2397 750 2444 astra
769 2397 886 2459 portare,
899 2387 923 2445 si
936 2387 995 2458 pla·
1045 2387 1133 2445 niouis
1143 2388 1252 2456 aldarit,
1263 2389 1367 2461 longius
1377 2391 1467 2459 paulu,
1478 2392 1526 2448 scd
1535 2393 1569 2448 ah
1579 2391 1682 2461 origiue
1692 2405 1835 2461 exponam.

205 2502 266 2555 cco,
280 2484 482 2556 elequentiam
507 2481 530 2539 si
544 2480 691 2551 displiceo,
710 2479 874 2537 lelicitatem.
898 2479 996 2536 Videre
1046 2480 1223 2552 Temporibus
1244 2481 1357 2553 unguit
1381 2481 1539 2551 dlajuriani,
1564 2483 1638 2539 venit
1665 2483 1692 2537 iu
1720 2482 1837 2538 medinm

206 2577 273 2633 mibi
287 2575 381 2632 uideor
395 2582 424 2629 at
443 2571 550 2639 rideas,
569 2572 633 2656 quia
652 2571 782 2643 perspicis
801 2576 922 2627 nostram
935 2585 996 2643 cunr
1046 2573 1137 2630 claras
1151 2577 1323 2643 comitatum,
1338 2576 1385 2633 sed
1399 2592 1493 2633 carens
1506 2576 1605 2644 indice,
1620 2589 1746 2632 uersuum
1760 2574 1838 2644 plena

157 2736 161 2743 ,
205 2668 289 2726 milite
298 2665 407 2725 Οοιιίοο
421 2664 588 2723 ferocissimo
598 2663 763 2735 iactantiam.
777 2662 854 2719 Vale.
1047 2665 1224 2738 satyricorum
1238 2669 1493 2727 mordaciumasane
1507 2669 1628 2740 quisatis
1643 2669 1838 2727 invectivaliter
1929 2701 1931 2705 ·

421 2824 425 2829 g
494 2799 660 2858 EPISTOLA
679 2800 714 2857 x·
874 2780 877 2795 ·
1047 2759 1122 2815 abusi
1137 2761 1275 2816 nominum
1296 2759 1427 2826 nuditate,
1443 2761 1589 2829 carpebant
1603 2759 1748 2830 plurimum
1762 2760 1838 2824 vitia,

1048 2853 1107 2922 plus
1126 2852 1256 2906 homiues.
1281 2850 1353 2904 luter
1369 2851 1426 2905 luec
1448 2852 1561 2905 lrernere
1579 2850 1769 2913 Arelatenses,
1785 2862 1840 2917 quc

1048 2942 1099 2999 loci
1111 2957 1155 2999 res
1169 2943 1307 3012 agebatur,
1323 2949 1350 2996 et
1360 2955 1481 3012 quarere
1492 2954 1572 3011 qrrcm
1587 2949 1725 3010 poetarum
1737 2941 1840 3012 publici

243 3028 340 3101 accepi
353 3026 368 3067 ‘¹
383 3043 431 3100 per
444 3029 598 3097 oxaelcslttm
611 3042 724 3086 annones
738 3027 841 3085 libens
856 3037 925 3099 litas,
937 3029 998 3100 (tul-
1049 3026 1147 3093 luroris
1168 3037 1265 3092 merito
1283 3035 1388 3104 pondus
1406 3044 1531 3106 urgeret,
1550 3035 1604 3107 26
1617 3034 1650 3091 iis
1662 3036 1778 3092 marimo
1792 3050 1840 3091 au·

208 3122 257 3179 bus
269 3137 329 3179 eum
343 3120 391 3178 tibi
412 3121 533 3178 sodalem
550 3128 668 3177 ueterem
690 3120 758 3176 mibi
779 3120 900 3178 insinuas
915 3122 999 3193 iudici
1049 3126 1167 3184 uteribus
1179 3139 1246 3196 quos
1258 3127 1329 3182 notis
1348 3126 1431 3181 certis
1447 3133 1540 3180 auctor
1560 3124 1678 3181 incertus
1692 3126 1840 3181 exacerba-

208 3228 288 3270 uoro.
312 3213 417 3269 Gratius
436 3226 487 3283 ago
501 3226 611 3284 magnas
625 3210 683 3281 llll,
699 3213 829 3269 maximas
844 3213 912 3284 tibi,
928 3213 998 3285 quud
1050 3225 1135 3275 verat.
1158 3216 1260 3274 decidit
1273 3230 1337 3272 casu
1350 3256 1357 3283 ,
1371 3224 1401 3271 ut
1415 3215 1590 3271 &Catullinus
1604 3216 1715 3271 illustris
1730 3225 1793 3271 tunc
1805 3215 1840 3273 ab

209 3304 336 3363 statuistis
352 3305 386 3361 tle
406 3304 524 3361 amicitia
538 3318 616 3371 raca,
631 3303 674 3360 rad
689 3318 852 3375 presumere
869 3314 939 3373 tuta,
955 3308 998 3363 rel
1010 3284 1035 3349 c
1049 3309 1178 3366 Arvernis
1190 3308 1237 3365 illo
1246 3310 1425 3372 ueniret,cum
1436 3322 1543 3378 semper
1554 3308 1630 3377 mihi,
1640 3317 1695 3364 tum
1706 3310 1842 3379 praecipuo

336 2915 459 2972 Sidonias
475 2923 486 2954 θ
503 2912 737 2986 componimento
750 2913 869 2972 aetatem.

209 3399 294 3456 illusa
303 3398 423 3457 credere.
436 3397 569 3470 ligorero
580 3396 701 3454 notitiam
715 3398 766 3453 riri
778 3397 999 3455 familiaritatem·
1050 3399 1206 3458 commilitio
1221 3400 1321 3457 recenti
1332 3399 1478 3456 lamiliaris.
1494 3398 1572 3472 Saepe
1585 3400 1656 3456 eninr
1671 3400 1745 3457 eires
1757 3403 1843 3473 magis

209 3505 261 3563 que
284 3507 337 3549 uon
358 3491 446 3547 solutu
466 3490 580 3558 rolens,
600 3489 648 3546 sed
668 3498 695 3547 ct
712 3490 807 3549 aridus
827 3491 998 3560 amplector:
1051 3494 1152 3550 anricus
1167 3491 1347 3563 peregrinatio
1363 3490 1438 3547 iacit.
1463 3491 1544 3562 igitur
1559 3492 1670 3548 insidias
1694 3492 1837 3557 nescienti,

210 3584 307 3656 quippe
316 3583 362 3655 qui
375 3581 499 3640 nouerim
511 3588 630 3639 bosham
643 3595 750 3653 quoque
761 3581 880 3652 gratiam
889 3581 941 3638 hoc
952 3581 1001 3639 oh·
1052 3595 1105 3643 tam
1120 3586 1253 3651 Paeonius,
1267 3599 1347 3655 quatu
1362 3584 1472 3656 bigerus
1482 3584 1531 3639 has
1546 3584 1726 3651 tetenderunt,
1741 3591 1772 3639 ul
1782 3585 1843 3654 plu·

210 3675 303 3746 requio
323 3688 385 3731 uteo
405 3674 462 3730 lora
475 3672 680 3745 copulatiorem.
699 3672 754 3730 Sed
767 3680 795 3728 οι
813 3680 843 3728 tu
857 3673 1001 3744 vigilantia
1051 3679 1126 3736 rimis
1140 3691 1231 3734 eoram
1251 3684 1376 3746 tanquam
1395 3675 1429 3730 ab
1444 3676 1551 3731 incauto
1565 3677 1775 3741 sciscitarentur,
1791 3676 1844 3733 lroe

210 3782 266 3825 suae
278 3782 337 3835 me,
353 3767 380 3823 td
392 3776 444 3836 est,
460 3766 539 3822 ieme
552 3779 621 3823 mear
635 3773 734 3822 statum
749 3778 910 3837 mutamque
923 3782 999 3823 conr·
1052 3786 1151 3829 norum
1166 3783 1273 3825 carmen
1287 3784 1320 3824 an
1333 3774 1549 3838 recognosceret.
1561 3769 1595 3823 Et
1607 3768 1653 3823 ille
1667 3786 1674 3823 r
1689 3769 1728 3832 Si,
1745 3768 1842 3836 inquit,

212 3859 319 3919 ruenda.
346 3858 449 3916 Vereor
469 3867 559 3915 autem
586 3872 620 3914 ue
638 3866 650 3896 ⁰
666 3858 764 3915 laruem
783 3859 872 3929 populi
886 3859 1001 3915 Romani
1053 3862 1185 3919 dixeritis.
1200 3861 1322 3929 cunque
1338 3858 1436 3914 trustra
1450 3859 1575 3926 diuersa,
1597 3858 1674 3928 quasi
1690 3873 1738 3929 per
1748 3860 1844 3928 jocum

212 3949 351 4009 theatralis
364 3965 454 4008 eavea
474 3949 565 4020 lragor
584 3950 711 4017 insonet,
732 3958 761 4006 et
780 3948 926 4007 inlortunio
939 3965 1001 4008 meo
1053 3952 1239 4017 ellanderent,
1252 3949 1364 4005 solritur
1375 3948 1520 4006 Catullinus
1530 3953 1556 4004 in
1567 3949 1661 4015 risum,
1676 3948 1846 4019 intempesti-

212 4042 318 4115 puhlica
329 4041 471 4112 deputetur
483 4040 597 4098 esuries.
622 4039 692 4097 Saue
705 4039 778 4096 huuc
791 4039 878 4111 ipsum
892 4056 908 4097 e
921 4042 1002 4097 resti·
1055 4058 1142 4115 roquc
1152 4041 1278 4112 sullragio
1292 4040 1409 4096 clamare
1420 4039 1513 4110 coepit,
1528 4038 1638 4108 dignum
1653 4052 1758 4108 poema,
1771 4037 1845 4108 quoti

102 4160 106 4164 -
213 4136 257 4210 gio
279 4136 313 4192 ad
336 4143 442 4207 portum
464 4134 570 4192 mittere
593 4147 680 4206 paro,
701 4134 765 4206 qula
784 4134 902 4207 comperi
922 4148 1003 4191 nares
1054 4134 1172 4207 apicibus
1187 4130 1386 4204 perennandum
1407 4131 1507 4187 auratis
1518 4130 1589 4201 juste
1606 4127 1619 4167 ¹¹
1635 4130 1725 4186 tabula
1744 4139 1847 4187 rostra-

249 4267 442 4343 ·Panegyrici
460 4267 648 4335 Anthemlani,
663 4281 743 4338 queur
763 4281 825 4323 cum
848 4266 889 4323 his
907 4265 1003 4323 litteris
1056 4273 1161 4323 meatus
1176 4270 1417 4335 euramgerunt.-
1624 4332 1631 4344 .
1799 4276 1804 4287 ·

213 4344 344 4402 mittebat.
1092 4347 1106 4376 r
1124 4334 1244 4404 Querelae
1257 4335 1343 4404 panis,
1358 4348 1405 4399 per
1416 4345 1483 4401 ques
1494 4331 1611 4413 tropulus
1624 4339 1764 4401 ingruente
1776 4332 1847 4389 larua

248 4412 263 4455 l
284 4414 340 4469 llea
351 4411 477 4469 nimirum
498 4410 673 4481 praelectoris.
686 4412 737 4483 21
753 4408 878 4477 cinctuti,
891 4408 943 4465 hoe
961 4416 1003 4465 est
1057 4406 1276 4470 tumultuabatur,
1294 4403 1409 4487 preelecti
1437 4400 1516 4458 Urhrs
1537 4401 1617 4471 capiti
1639 4416 1711 4471 saepe
1726 4402 1849 4485 immine-

214 4485 294 4542 cincti
306 4491 383 4568 erant
406 4481 537 4553 praelecti,
553 4480 638 4537 etalii
654 4479 932 4604 omnes-mapistrat'us
945 4480 1004 4570 qui·
1056 4482 1136 4563 bant,
1152 4490 1181 4531 ur
1197 4476 1311 4532 Tertulli
1324 4472 1476 4557 exemplum
1490 4473 1567 4555 docet
1582 4472 1652 4553 apud
1667 4472 1849 4555 blancellrnnm

214 4557 264 4645 bus
277 4555 358 4625 aladu
364 4569 410 4645 rus
419 4561 606 4643 erat,quorum
615 4551 718 4641 lrrstgne
731 4566 808 4621 erugo
822 4565 866 4633 um
880 4572 902 4606 ar
916 4573 1006 4663 apgua
1018 4587 1046 4651 D
1058 4546 1343 4676 Rb.b;;xturhzthpttet:rm
1361 4545 1850 4681 ult]'pauprtgrslpp'asxpmzcapzerrlpcrppffl·

215 4619 1008 4761 igrioffszi‘a‘tftarcetiiiivepuniisdzlifdmxirlghlihiul[zitiGligit‘t'tr
1059 4637 1168 4746 frictas
1180 4662 1309 4744 t’llnual.
1322 4630 1471 4768 mamilli
1484 4630 1511 4737 gt
1531 4656 1668 4767 Scriberis
1684 4684 1824 4766 consulatu

215 4765 311 4889 emp
323 4761 670 4890 attumulati
684 4762 817 4887 guipp,
828 4762 1009 4886 tttttdtt·
1061 4761 1161 4886 itit
1177 4753 1854 4898 ftlllldlitttdltltt'tittdltttl

215 4851 346 4961 {iniuriis
358 4852 500 4979 puriorum.
556 4876 564 4901 ’
662 4869 670 4886 ⁶
704 4869 712 4897 ⁹
745 4847 771 4898 p·
807 4872 815 4900 ⁹
935 4851 948 4904 ³
999 4875 1007 4902 ’
1063 4869 1207 4971 efflagitata.
1229 4898 1267 4953 lle
1281 4844 1394 4953 circerrii
1410 4894 1461 4948 alin
1476 4894 1590 4949 tumultu
1603 4893 1648 4962 qui
1663 4890 1853 4947 Constantino-

253 4987 265 5017 θ
285 4976 331 5034 Sic
355 4985 459 5032 veteres
478 4973 558 5042 libri,
578 4987 632 5027 non
650 4971 793 5040 campanio
807 4988 817 5027 .·
831 4973 965 5042 quomodo
985 4981 1012 5028 et
1064 4971 1118 5043 poli
1130 4967 1237 5034 accidit,
1255 4968 1389 5036 Eutropius
1400 4967 1427 5021 io
1442 4965 1557 5034 Sopatro
1573 4980 1581 5017 r
1596 4963 1629 5047 de
1645 4962 1766 5045 llonrano
1780 4962 1855 5019 Zosi-

216 5043 630 5117 JuliuaFeroxCampanianusV.
640 5044 670 5100 c.
682 5041 896 5112 praelectusllrbi
911 5051 1013 5113 tempo·
1064 5056 1125 5097 mus
1141 5040 1188 5094 lib.
1204 5054 1234 5106 a,
1244 5038 1351 5108 quaudo
1365 5035 1523 5092 lleracliuno
1541 5043 1640 5115 comrte
1656 5032 1755 5116 hincm
1771 5047 1855 5090 oceu-

217 5116 606 5202 rihuslliocletianiiuantiquae
621 5113 692 5171 basis
707 5111 1012 5197 inscnriptioncretCam·
1064 5122 1140 5182 patos
1152 5119 1244 5196 portus
1260 5116 1368 5192 tenente
1383 5105 1472 5161 leralis
1486 5105 1529 5159 illa
1543 5119 1594 5160 rox
1610 5118 1637 5158 tn
1652 5117 1726 5158 crreo
1741 5103 1855 5159 audita:

217 5183 897 5326 „Rutilii'gdeichtitifflggtlapilldrliisasspgilcliaixe'.
907 5182 1012 5320 γᾶἷιιὲο
1064 5178 1503 5321 Potrrcqupcgplrg'epgrfilplpprpmotp'm
1514 5244 1735 5328 rephaiudlcaut.
1751 5204 1855 5313 Scripta

218 5322 302 5385 lauto
316 5333 377 5399 post
394 5327 428 5383 arl
442 5334 548 5398 portum
563 5326 714 5383 Ostiensem
730 5324 845 5379 m'rttltur
857 5337 873 5379 a
887 5322 1010 5391 Sidonio,
1064 5332 1106 5379 est
1117 5322 1228 5404 epistola
1242 5319 1407 5389 temporibus
1419 5316 1573 5400 audianum
1589 5316 1636 5372 sed
1651 5329 1682 5371 ea
1697 5324 1789 5371 narrat
1797 5328 1857 5395 quae

190 5442 193 5451 .
219 5409 249 5454 ut
270 5400 431 5455 frumentum
447 5397 518 5466 quod
540 5410 621 5454 nares
642 5395 817 5451 Brundusium
833 5395 1010 5462 adverterant,
1064 5393 1211 5464 Maioriano
1226 5401 1356 5461 regnante
1376 5386 1546 5453 acciderant,
1571 5401 1660 5453 anuo,
1685 5394 1714 5439 ιιι
1735 5384 1858 5439 Seucrrnr

219 5484 268 5537 uer
281 5470 447 5526 caudiearius
471 5467 500 5524 iu
515 5466 612 5524 Urbem
627 5465 827 5525 subvehendum
842 5474 928 5521 curet.
954 5465 1011 5519 Etsi
1064 5462 1221 5520 consulatus
1232 5460 1358 5527 ostendit,
1369 5460 1432 5516 tot.
1716 5525 1722 5537 ⁹

219 5540 292 5595 enirn
306 5553 406 5611 augere
418 5537 499 5595 Urbis
511 5538 603 5608 copias
621 5539 728 5610 propria
742 5545 800 5594 arat
813 5551 877 5593 eura
892 5533 1012 5606 preelecti
1103 5533 1166 5615 sln
1190 5531 1336 5602 epigraphe
1358 5529 1486 5586 carminis
1507 5528 1542 5584 lh
1564 5542 1620 5611 non
1643 5525 1760 5607 amphus
1778 5537 1858 5608 quana

220 5623 348 5704 annonae,
362 5608 457 5666 eaden
471 5607 607 5692 tamesad
631 5608 786 5679 praelectum
813 5620 920 5691 quoque
936 5605 1014 5662 Urbis
1067 5604 1233 5686 clarissimus
1252 5601 1411 5673 appellatur.
1435 5599 1543 5656 llonore
1564 5597 1861 5721 rgrthrrrzptilpspppliggro

221 5676 1016 5874 tdbttltttdttt‘ttthhgmt'ttlldrlr
1069 5670 1595 5827 ‘¹”ipiid’f'iii'fdhillidii‘ri'
1607 5684 1739 5821 dau..
1758 5707 1898 5808 ..ntus

223 5818 296 5883 loco,
309 5819 521 5894 etsymmaebus
536 5815 582 5873 lib.
594 5833 623 5884 x,
637 5832 680 5888 cp.
695 5819 712 5873 l
733 5818 910 5888 ,proiectura
924 5818 1015 5873 urbica
1070 5824 1134 5871 strrs
1145 5814 1188 5869 rel
1204 5830 1231 5868 ru
1242 5811 1374 5883 Capitolio
1388 5820 1457 5866 tuter
1469 5812 1557 5879 legum
1572 5822 1605 5864 ac
1622 5809 1791 5880 publicorum
1807 5822 1863 5864 ruo·

225 5892 366 5967 iungentes
387 5903 557 5951 caururuoem
577 5901 639 5948 cum
667 5887 793 5960 praetecta
812 5902 925 5946 annonae
943 5901 1017 5944 com·
1072 5894 1258 5944 numentorum
1274 5882 1377 5941 tabulas
1390 5881 1548 5939 collocetur.
