4080 6348
145 360 205 425 837
322 364 326 375 ’
777 370 1019 432 ehistetensis
1038 376 1102 433 Llll.
1125 377 1157 433 v,
1730 385 1784 445 558

126 468 130 475 ’
147 480 249 537 allerre
262 480 364 549 minas,
387 481 497 567 auterre
510 482 682 543 mhstantias.
700 483 732 541 lli
746 494 809 541 suut
826 500 940 556 quorum
952 491 979 550 Α
992 489 1083 559 pardi,
1093 490 1134 545 ad
1148 491 1259 549 incedas
1273 496 1344 562 ursi,
1360 495 1394 551 ad
1407 495 1552 552 fallendum
1564 497 1675 565 uulpes,
1688 498 1720 553 ad
1735 514 1783 559 su·

148 570 259 628 laudari
272 570 349 628 audis
363 571 391 628 in
404 572 462 629 otio
476 574 683 644 occupationes,
701 568 727 631 in
742 590 808 647 paee
823 578 943 649 predas,
996 581 1171 651 porhiemlum
1187 585 1267 652 tauri,
1281 588 1313 642 ad
1325 586 1539 644 consumendum
1553 590 1704 646 minotauri.
1717 592 1784 662 Spes

149 663 227 719 inter
245 676 321 718 arma
341 661 433 733 lugas,
446 663 519 719 inter
535 666 597 721 tina
609 665 745 723 uictorias.
769 666 802 721 lli
824 673 886 723 sunt
899 668 967 739 qul.
996 674 1087 732 llrmas
1109 676 1135 731 in
1158 693 1249 734 rernm
1272 680 1389 735 motibus
1418 682 1531 747 habent,
1557 682 1636 737 dubia
1665 678 1784 753 tempora

148 768 250 811 causas
270 763 411 812 morantur
431 756 559 826 adhibiti,
583 759 731 830 impediunt
752 763 943 832 pretermissi,
995 768 1094 824 certius
1108 779 1209 838 amant,
1224 781 1249 825 ct
1266 773 1371 841 ignauia
1387 775 1487 843 pariter
1497 774 1714 847 conscientiaque
1728 786 1784 833 tre·

45 865 52 875 ·
148 844 294 900 fastidiunt
306 845 449 915 admoniti,
463 847 655 906 obliviscuntur
664 850 828 921 locupletati.
841 852 871 907 iil
883 863 945 909 sunt
995 859 1130 929 pidantes,
1146 877 1205 917 cnm
1219 862 1273 917 sint
1287 864 1312 918 in
1327 865 1460 935 praetoriis
1473 852 1579 934 icones,
1595 867 1621 922 in
1637 868 1731 923 castris
1746 869 1784 923 lo-

149 938 198 1008 qui
221 947 316 995 emunt
335 939 412 1007 lites,
432 940 551 997 rendunt
571 943 792 1010 intercessiones,
816 945 943 1016 deputant
995 966 1092 1020 poros,
1115 953 1210 1008 timent
1233 953 1346 1021 todem,
1373 970 1407 1012 ne
1430 956 1618 1022 discutiantur;
1639 958 1725 1026 heila,
1749 972 1784 1014 ne

148 1027 559 1100 urbinumjudternuauieranr,
574 1033 670 1090 dictata
683 1036 944 1104 convellentium·
995 1049 1125 1112 pugnent.
1143 1044 1262 1110 ortorum
1280 1047 1302 1100 si
1324 1061 1403 1101 nares
1420 1046 1551 1103 alllaverit
1564 1048 1666 1118 uspiam
1682 1048 1783 1120 rubigi-

149 1116 220 1174 hunt
234 1118 398 1190 litigaturos,
423 1124 581 1192 protrahunt
593 1125 756 1193 audiendos,
772 1127 881 1183 trahunt
893 1128 942 1183 ad·
994 1132 1055 1189 nosi
1066 1148 1131 1188 aura
1152 1136 1295 1202 marsupii,
1311 1134 1452 1191 corrlcstim
1467 1137 1569 1192 ridebis
1581 1138 1634 1193 lille
1646 1148 1673 1195 et
1690 1139 1783 1196 oculos

150 1210 252 1279 dictos,
268 1212 410 1269 retrabunt
422 1216 610 1286 transigentes.
628 1217 659 1272 lli
674 1227 737 1274 sont
751 1220 852 1291 quossi
869 1228 944 1290 petas
994 1222 1057 1293 hrgl
1077 1235 1104 1279 ot
1125 1239 1220 1280 manus
1240 1226 1357 1293 Briarei,
1374 1235 1401 1281 ct
1421 1225 1598 1297 Sphingarum
1618 1242 1736 1299 ungnes,
1755 1236 1783 1283 et

148 1302 323 1358 etiam-nutis
336 1303 496 1362 aduersante
510 1305 679 1375 benellclum,
692 1308 764 1380 piget
776 1309 942 1379 promittere,
994 1316 1110 1384 periuria
1125 1315 1326 1383 Laomedontis,
1342 1324 1369 1372 et
1379 1316 1483 1389 Ulyssis
1492 1318 1619 1388 argutias,
1634 1326 1663 1373 ct
1673 1318 1782 1374 Sinonis

149 1392 238 1461 pudet
258 1396 373 1462 ncg'are,
388 1396 499 1464 poenicu
519 1397 686 1467 prestitisse.
710 1398 742 1454 lli
755 1408 818 1455 sunt
830 1414 942 1471 quorum
995 1404 1130 1474 fallacias,
1145 1416 1174 1462 ct
1189 1407 1268 1463 lldem
1283 1407 1512 1479 Polymnestoris.
1528 1415 1556 1462 et
1569 1407 1694 1478 pietatem
1713 1410 1783 1482 Pyg-

147 1484 348 1553 eomparationi
362 1484 472 1555 digitum
493 1486 619 1544 tollerent
639 1498 653 1528 ⁸
671 1489 827 1559 Narcissus,
846 1491 944 1548 hslatl-
994 1496 1263 1554 mallonisadhiberi.
1284 1498 1331 1554 llis
1352 1498 1472 1555 moribus
1484 1498 1601 1554 obruunt
1620 1500 1706 1555 uirum
1727 1516 1782 1557 non

150 1587 221 1638 eus,
237 1574 339 1642 dlassa,
356 1575 513 1644 llarcellus,
528 1578 629 1650 Carus,
645 1578 820 1647 Parthenius,
835 1580 944 1640 Licinus
994 1587 1082 1643 minus
1095 1588 1213 1645 bonitate
1224 1604 1304 1657 qnam
1316 1599 1448 1660 potestate
1459 1598 1640 1661 prestantem.
1652 1590 1705 1647 Sed
1717 1591 1780 1662 quid

151 1673 183 1720 et
198 1665 296 1722 Pallas.
311 1665 345 1720 lll
358 1676 419 1722 sunt
432 1668 477 1739 qui
492 1669 613 1727 insident
626 1670 751 1728 tunicatis
764 1674 828 1743 otia,
843 1673 945 1743 stipen·
994 1676 1074 1733 eiciat
1095 1692 1165 1733 unus
1188 1678 1304 1747 undique
1328 1689 1461 1736 uenenato
1482 1680 1596 1735 vallatus
1618 1680 1782 1751 interpretel

150 1757 199 1813 dia
213 1757 356 1827 paludatis,
370 1757 464 1814 viatica
473 1759 630 1827 veredariis,
643 1762 836 1818 mercatoribus
847 1764 943 1820 nundi·
993 1770 1062 1837 Quid
1076 1770 1183 1841 inquam
1201 1770 1291 1838 iaciat,
1305 1772 1348 1827 cui
1364 1781 1458 1828 natura
1471 1788 1532 1828 euro
1543 1772 1637 1837 bonis,
1652 1774 1706 1828 uita
1720 1787 1782 1829 oum

152 1864 220 1913 Μ,
237 1847 393 1904 intimuit
411 1848 521 1920 letatii.
538 1851 654 1919 bonoria
676 1853 940 1924 quadruplatoribus,
957 1861 1071 1922 limatis
1084 1861 1145 1916 esti
1159 1862 1199 1916 ad
1210 1877 1323 1932 quorum
1339 1863 1415 1934 137
1430 1863 1542 1918 consilia
1557 1863 1676 1918 Phalaris
1686 1879 1782 1920 cruen-

151 1939 255 2011 lttaedii
268 1940 474 2009 limilncliilbiii
485 1982 494 2007 ι
507 1939 522 1980 ¹'
536 1940 660 1997 flamonia
682 1943 875 2015 municipibus,
896 1959 941 2001 ar·
995 1953 1058 2015 tior.
1074 1952 1144 2009 blida
1159 1953 1290 2021 stupidior,
1305 1956 1395 2008 ancus
1402 1953 1556 2024 iactantior,
1570 1954 1731 2025 Tarquinius
1741 1968 1782 2010 su-

151 2032 232 2087 carils
244 2031 374 2101 pondera,
389 2045 531 2088 mentum
544 2033 663 2100 allectis,
677 2034 774 2090 saltria
788 2035 940 2105 tabulariis,
995 2044 1112 2113 perbior,
1128 2044 1251 2099 Tiberius
1264 2044 1397 2111 callidior,
1413 2044 1495 2100 Caius
1507 2045 1690 2115 periculosior,
1702 2045 1782 2101 Clau·

151 2123 343 2192 dispositiones
357 2123 535 2192 numerariis,
550 2126 717 2195 pretorianis
734 2129 883 2198 sportulas,
903 2130 942 2185 el·
994 2134 1054 2188 dius
1075 2135 1224 2199 socordior,
1244 2134 1313 2189 Nero
1328 2133 1468 2201 impurior,
1484 2134 1567 2191 Galba
1583 2137 1698 2202 auarior,
1713 2133 1783 2190 Otho
1899 2165 1907 2178 .

150 2214 277 2272 vitatibus
292 2214 424 2285 inducias,
436 2215 574 2287 uectigalia
590 2218 748 2288 publicanis,
765 2221 941 2276 reverentiam
992 2224 1129 2289 audacior,
1150 2224 1271 2279 ilitellius
1295 2225 1488 2295 sumptuosior,
1510 2224 1675 2280 Domitianus
1693 2233 1783 2279 trucu-

150 2308 273 2373 clerieis,
296 2309 426 2380 originem
445 2308 595 2377 nubilibus,
617 2326 775 2369 consessum
790 2314 940 2384 prioribus,
992 2317 1091 2373 lentior
1107 2317 1274 2373 redderetur.
1290 2316 1360 2373 Sane
1373 2317 1443 2387 quod
1459 2315 1642 2387 principaliter
1660 2315 1782 2371 medetur

141 2416 324 2472 ‚congresssum
341 2400 610 2472 aequalibus,einctis
626 2403 789 2476 melum,
804 2404 941 2463 discinctis
992 2409 1115 2473 aiflletis,
1130 2406 1290 2479 temperatd
1309 2407 1490 2464 Lucumonem
1512 2416 1631 2462 nostrum
1651 2404 1781 2475 Tanaquil

152 2493 299 2564 priuilegia,
312 2491 421 2548 scholas
434 2493 617 2563 instituendis,
632 2494 769 2551 mercedes
780 2494 941 2553 instituenti·
992 2518 1058 2571 sna,
1074 2514 1102 2560 et
1116 2518 1194 2559 aures
1215 2503 1303 2558 mariti
1317 2504 1405 2557 virosa
1425 2516 1598 2557 susurronum
1622 2498 1687 2554 tmen
1705 2514 1781 2553 cnm.

151 2582 212 2650 bus,
226 2584 329 2643 litteras
339 2583 478 2645 institutis·
492 2584 523 2640 lii
533 2595 596 2641 snnt
608 2587 653 2656 qui
665 2586 744 2643 novit
756 2588 851 2657 obibus
862 2588 939 2656 ebrii.
997 2596 1083 2666 pletas
1096 2594 1294 2665 opportunitate
1310 2594 1373 2649 salsi
1395 2593 1526 2648 sermonis
1549 2591 1683 2648 eruderat.
1700 2588 1782 2660 Cujus

150 2684 181 2731 ¹¹²
191 2683 218 2731 ⁰²
231 2676 341 2732 minimi
352 2685 515 2746 0⁰8¹l⁰⁸⁰⁸⁵s
538 2693 586 2749 liei
599 2679 691 2735 utehdl
706 2680 939 2751 intemperantiam
992 2686 1079 2743 studio
1094 2688 1164 2742 scire
1176 2699 1224 2740 ros
1237 2693 1352 2756 parcst3
1368 2684 1433 2739 nihil
1450 2683 1556 2739 interim
1570 2680 1654 2752 quieti
1669 2679 1781 2750 fratrum

151 2770 269 2840 produnt
291 2770 451 2841 imperitiam
472 2771 718 2840 possidentium
742 2775 855 2830 libenter
868 2773 941 2831 lnce-
990 2779 1171 2834 communium
1193 2778 1264 2847 apud
1282 2778 1399 2832 animum
1422 2776 1573 2832 communis
1594 2774 1699 2845 patroni
1715 2783 1727 2812 θ
1741 2774 1782 2843 jn·

152 2862 219 2918 dunt
234 2862 329 2918 armati
342 2863 375 2918 ad
388 2864 492 2931 epulas,
507 2865 588 2921 albati
601 2866 634 2921 ad
645 2869 796 2938 exsequias,
810 2868 895 2938 pelliti
905 2867 940 2925 ad
991 2870 1095 2924 niornm
1110 2867 1295 2941 Cibyratarum
1316 2883 1419 2923 terrena
1442 2868 1582 2933 nocuisse,
1602 2880 1688 2935 neque
1707 2865 1781 2936 quid·

150 2954 292 3019 ccclesias,
303 2954 395 3025 pullati
406 2955 438 3010 ad
451 2956 569 3024 nuptias,
583 2968 594 2997 ⁰
607 2960 763 3015 castorinati
775 2960 808 3014 ad
821 2959 949 3025 litanias*
990 2976 1070 3031 quam
1085 2960 1153 3032 (lieo
1176 2960 1351 3031 propitiante)
1366 2961 1487 3015 nocitura
1499 2975 1507 3023 3
1527 2959 1549 3014 si
1568 2956 1648 3012 modo
1662 2956 1779 3027 quandiu

150 3045 259 3101 Nullum
273 3046 326 3103 illis
341 3062 425 3118 genus
439 3047 594 3116 hominum,
613 3051 752 3118 ordinum,
770 3061 939 3123 temporum,
991 3063 1110 3120 prusens
1122 3050 1259 3120 potestas¹
1273 3048 1477 3119 Lugdunensem
1491 3045 1661 3103 Germaniam
1674 3043 1685 3084 ¹
1696 3046 1777 3117 regit,

68 3192 73 3201 ,
149 3138 227 3193 cordi
244 3147 295 3193 est.
319 3137 346 3193 ln
369 3138 427 3195 loro
446 3139 618 3210 Scytha,.in
640 3141 762 3199 cubiculo
780 3143 938 3214 viperae,in
991 3150 1111 3196 nostrum
1132 3154 1264 3210 suumque
1285 3139 1475 3196 Germanicum
1495 3152 1615 3210 presens
1636 3137 1780 3209 agrippina
1880 3161 1884 3164 “

149 3229 277 3284 conuiuio
291 3243 408 3297 scurra,
423 3231 450 3286 in
465 3232 649 3289 oracionibus
662 3232 799 3305 harpyias,
819 3235 845 3289 in
859 3233 976 3299 collo-c
991 3234 1156 3290 moderetur.
1172 3231 1247 3289 lale.
1272 3272 1275 3279 ι

150 3320 304 3379 notionibus
318 3332 422 3390 curua,
436 3324 464 3380 in
475 3325 668 3395 quaninntbns
681 3326 786 3394 bestiae,
800 3328 826 3382 in
840 3337 939 3383 tracta·
1263 3325 1427 3383 aristote
1447 3325 1505 3382 Vlll

150 3412 223 3467 tibus
236 3412 369 3480 cochlete,
383 3413 410 3468 ln
422 3416 607 3473 contractibus
620 3417 774 3487 trapezium
790 3418 823 3474 ati
837 3418 939 3475 intelll·
1134 3419 1259 3476 Sidonius
1273 3430 1286 3468 ὅ
1300 3420 1449 3476 Secundino
1462 3436 1508 3474 rso
1520 3419 1637 3474 salntem.

148 3503 262 3573 gendum
273 3503 364 3568 saxei,
377 3504 595 3574 adiudicandum
609 3507 706 3577 lignei,
728 3507 761 3563 ad
776 3522 938 3566 succensen-
1027 3514 1078 3569 liiu
1089 3513 1196 3583 quidem
1208 3513 1341 3582 estquod
1351 3494 1383 3568 'te
1398 3494 1561 3568 heramctn's
1571 3511 1727 3567 familiarius
1737 3512 1780 3567 in·

150 3593 211 3649 dum
224 3592 358 3662 llamnrei,
373 3594 407 3650 ad
425 3594 615 3667 ignoscendum
630 3596 731 3665 terrei,
752 3597 785 3653 ad
806 3599 940 3657 amicitias
992 3604 1156 3660 servientem
1175 3612 1313 3674 stupentes
1333 3603 1561 3673 praedicantesque
1583 3601 1779 3658 lectitabamus.

184 3732 238 3806 56
251 3741 265 3770 ¹
278 3729 422 3787 essarium
436 3748 531 3790 omnes
543 3732 641 3801 liberti,
657 3749 739 3803 praru
758 3735 876 3803 ingenio,
890 3734 937 3792 de·
1028 3734 1042 3774 i
1058 3736 1235 3807 chilpericum
1251 3751 1340 3805 regem
1358 3751 1435 3790 uror.
1453 3735 1518 3800 Quia
1536 3733 1713 3799 Lucumonis,
1729 3732 1780 3791 hoa

150 3802 333 3872 latronumque
351 3803 457 3857 infamia
475 3805 561 3859 clari:
578 3804 732 3869 Narcissus,
750 3805 836 3859 Pallas
849 3818 874 3859 ct
889 3805 936 3860 Li·
992 3816 1034 3861 est
1048 3807 1183 3874 Tarquinii
1199 3806 1293 3865 Prisci,
1306 3821 1373 3860 uror
1386 3805 1433 3858 ltrit
1447 3804 1585 3872 Tanaquil,
1601 3805 1710 3873 lrgurate
1722 3804 1791 3861 haee

150 3874 236 3927 einins
256 3872 504 3943 Glaudlbdugusti3
525 3875 624 3940 llassa,
643 3874 783 3930 ilarcellus
805 3884 831 3931 et
854 3875 938 3930 Carus
993 3877 1098 3931 nomina
1111 3875 1238 3931 transfert
1248 3876 1281 3929 ad
1292 3874 1470 3943 chilpericum
1480 3884 1627 3928 etusorem
1641 3890 1648 3925 ε
1660 3875 1780 3943 utpaulo

151 3941 279 4008 licronis3
302 3942 434 3998 Asiaticus
449 3943 564 4011 Vitellii3
589 3944 748 4000 Parthenius
774 3944 913 3999 Domitiani
929 3962 937 4000 a
991 3945 1112 4012 iniurius,
1126 3946 1276 4002 Germanici
1291 3954 1318 3999 ct
1339 3944 1490 4012 Agrippinae
1504 3942 1654 3998 nominibus
1666 3942 1776 3998 eosdem

150 4014 292 4083 dequibus
306 4011 419 4077 Seneca,
435 4012 557 4079 Persius,
569 4014 720 4077 iuvenalis,
734 4014 871 4078 llartialis',
886 4014 937 4070 Ta·
991 4006 1128 4083 clesigna't,
1142 4016 1203 4084 quia
1223 4014 1366 4084 agrippina
1384 4027 1452 4067 uror
1467 4012 1516 4067 luit
1530 4010 1681 4068 Germanici
1695 4011 1779 4080 patris

151 4082 229 4145 citus,
245 4082 348 4137 Plinius
362 4092 484 4153 uterque,
501 4084 645 4141 Suetonius
659 4092 687 4139 et
701 4084 759 4139 liin.
993 4086 1130 4154 Caligulae.

186 4150 361 4212 iFlaminia.
376 4152 512 4209 deminum
527 4153 686 4210 sacerdotia.
701 4153 831 4209 Flamonii
845 4169 939 4210 vocem
1029 4165 1041 4192 ⁰
1056 4156 1104 4222 Qui
1116 4154 1234 4208 moribus
1244 4154 1361 4209 reserant
1374 4151 1471 4207 iratres
1485 4150 1735 4218 illos'llepolemum
1751 4158 1780 4207 et

152 4226 204 4292 pro
217 4222 333 4277 dominio
346 4231 492 4293 agnoscunt
502 4235 607 4281 ueteres
621 4223 733 4294 glossae,
753 4232 782 4280 et
802 4224 941 4295 inscriptio
991 4225 1135 4280 lliernncm
1148 4241 1164 4279 e
1175 4224 1280 4293 Cyhiris
1294 4222 1404 4285 Cilicius,
1419 4236 1532 4292 qnorum
1545 4234 1625 4290 opera
1641 4233 1705 4274 usus
1714 4219 1779 4277 ier-

154 4292 228 4349 elba
238 4291 323 4347 iuliae.
584 4314 587 4319 ·
992 4310 1037 4350 res
1052 4296 1078 4349 iu
1091 4293 1268 4362 depnraednndn
1282 4294 1383 4350 Sicilia.
1400 4292 1438 4347 lie
1453 4293 1494 4347 his
1511 4290 1637 4346 Ciceroh
1654 4290 1777 4346 terrina.

416 4364 447 4419 L.
468 4364 520 4421 rt..
541 4364 675 4421 vehens
772 4376 776 4385 ’
992 4364 1072 4420 Urbis
1088 4380 1153 4420 vero
1169 4380 1265 4420 nomen
1280 4370 1469 4431 corrumpunt,
1490 4360 1534 4431 qui
1561 4360 1639 4415 aliter
1660 4361 1780 4416 scribunt

397 4434 449 4489 ott
475 4434 692 4491 ltbdhltblt
949 4482 956 4497 ,
991 4436 1192 4492 velcnnntiant,
1212 4435 1257 4489 Sic
1273 4434 1344 4488 enim
1364 4433 1548 4504 Cylriratarum
1572 4431 1689 4499 ipsorum
1703 4444 1780 4484 num·

468 4505 628 4561 luttoldi
993 4520 1052 4559 murs
1065 4507 1209 4574 antiquus,
1225 4505 1252 4559 in
1266 4519 1319 4573 qno
1341 4506 1470 4572 scriptum
1486 4510 1527 4555 est
1540 4509 1728 4566 tiletrh‘rttrt,
1752 4510 1780 4557 et

480 4575 510 4630 ii.
530 4576 562 4631 P.
582 4576 614 4631 b.
952 4550 1143 4647 Dcyhtranca
1166 4575 1260 4630 civitas
1274 4581 1347 4629 recto
1364 4575 1433 4642 apud
1447 4572 1605 4627 ‘laeitumtr
1624 4569 1778 4626 Annalium.

429 4710 434 4716 ,
1031 4643 1041 4683 i
1053 4647 1098 4702 Sic
1113 4647 1229 4716 appellat
1239 4644 1442 4714 Lugdunensem
1454 4642 1601 4720 regionem,
1614 4641 1641 4696 in
1651 4654 1703 4764 aaa
1714 4640 1780 4695 liun-

153 4711 182 4767 ld
203 4711 364 4769 daurinicum
381 4727 478 4769 munus
491 4711 586 4768 dicitur
599 4712 625 4768 in
640 4711 691 4767 alia
707 4711 878 4783 inscriptione
891 4727 941 4767 an·
995 4716 1145 4785 gundiones
1157 4717 1285 4773 Germani
1307 4712 1521 4791 dominabantur.
1538 4710 1607 4792 lisinii
1620 4710 1649 4766 Si
1669 4711 1780 4766 oniniu-

152 4784 236 4850 tiqna.
251 4783 384 4839 Flumineo
395 4796 484 4839 autern
496 4782 524 4837 in
534 4783 685 4852 municipiis
696 4782 780 4838 luisse
790 4791 904 4849 conset,
914 4789 943 4838 et
994 4786 1125 4842 miliarlus
1139 4800 1217 4853 quiam
1232 4786 1257 4838 in
1270 4782 1463 4839 Germanorum
1478 4795 1587 4837 nomme
1601 4781 1702 4845 ludere,
1718 4795 1779 4836 eum

152 4852 324 4922 pecuniarium
337 4853 487 4922 municipiis
501 4852 632 4920 tributos,
649 4852 836 4922 ut-prurincils
852 4867 942 4908 sacer·
994 4855 1027 4909 de
1041 4853 1271 4926 burgundionibus
1285 4862 1326 4907 cst
1344 4867 1442 4919 sermo,
1475 4851 1501 4905 oi
1516 4865 1551 4905 ex
1576 4850 1734 4915 Germania,
1750 4860 1780 4906 ut

151 4922 248 5007 dotes.
262 4924 407 5008 Drepanius
420 4922 532 5006 Pacatus
550 4923 577 4977 in
597 4922 772 5004 panegyrico,
791 4921 942 5005 emerendae
995 4925 1061 4990 disi,
1086 4925 1248 5006 prodierant.
1268 4923 1354 4990 Supra
1368 4868 1494 5003 episc&
1507 4919 1780 5002 curueGermoncrruts

151 4992 959 5134 illiti:dtlzhiltttfntilittillitati?
994 4989 1779 5142 ttllttld'hlilintih⁶liltttdtlchltlltz

152 5134 250 5187 cerdati
262 5135 398 5206 monnone
407 5135 494 5189 liceret
504 5133 596 5189 holme
608 5147 713 5188 uorem
724 5129 855 5185 nncillnm.
995 5133 1090 5190 diotres
1104 5136 1155 5207 57
1173 5138 1344 5204 occuparant,
1359 5147 1419 5201 qum
1440 5144 1548 5202 proprto
1562 5130 1658 5212 delarue
1672 5143 1780 5212 rtomtno

190 5201 370 5271 ‘Uestorium
385 5219 434 5260 sen
445 5204 539 5260 librina
553 5212 628 5259 ueste
642 5202 742 5257 amicti.
761 5200 876 5257 isidorus
889 5200 944 5256 ori·
995 5203 1146 5276 Burgundio
1164 5211 1313 5273 nuncupata
1334 5210 1391 5265 est,
1408 5216 1441 5257 eo
1455 5200 1534 5256 modo
1549 5199 1601 5254 dict
1621 5199 1711 5263 ltcurt,
1725 5214 1780 5270 quo

153 5271 245 5339 glnunt
256 5290 300 5330 xta
314 5290 322 5333 :
337 5274 482 5341 fibrinum,
493 5274 590 5346 inquit,
602 5273 663 5328 lona
672 5282 808 5336 castorum,
819 5280 841 5327 et
852 5271 944 5340 pbrinu
967 5328 970 5331 ,
995 5273 1161 5330 Britanniam
1173 5274 1286 5329 insulam
1302 5275 1401 5328 scirpus
1414 5272 1557 5328 sasoniam
1573 5270 1778 5326 transmarinam

152 5343 236 5407 uatis,
253 5354 362 5399 trentam
374 5346 405 5401 de
415 5345 473 5411 ptri
487 5346 547 5400 luno
556 5344 662 5413 boiens,
676 5343 815 5398 castorius.
828 5342 944 5397 embro-
996 5346 1156 5401 auonnullis
1177 5342 1353 5415 scriptoribus
1366 5342 1500 5398 interdum
1515 5339 1667 5408 vocitatam,
1680 5338 1715 5395 ab
1725 5340 1767 5395 llo

150 5410 209 5466 sius
226 5414 262 5470 de
281 5414 409 5486 dignitate
425 5416 567 5472 sacerdotii
582 5433 589 5468 z
606 5413 753 5471 dodonam
767 5413 904 5476 querimur
918 5420 943 5467 et
995 5413 1046 5483 glis
1059 5417 1102 5485 qui
1115 5430 1132 5471 e
1145 5416 1259 5469 Saxonia
1274 5426 1308 5468 eo
1327 5412 1496 5483 trajecerant.

151 5483 245 5539 sericos
257 5496 357 5541 metes:
370 5485 448 5541 crille
458 5501 486 5539 ae
498 5487 563 5540 inter
574 5483 794 5555 episcopoacredit
806 5482 939 5550 altiorem,
1030 5484 1238 5555 ‘Lugdunensh
1250 5483 1327 5554 eujus
1338 5490 1367 5537 ut
1381 5491 1468 5554 poete
1478 5482 1533 5552 jam
1549 5482 1653 5538 mentio
1665 5478 1715 5536 luit
1727 5477 1778 5533 lib.
1802 5528 1805 5535 ,

151 5555 294 5618 quinarem
303 5556 415 5629 indnqit
427 5555 572 5612 clariorem.
585 5556 687 5612 Eodem
699 5562 821 5627 spectant
834 5551 941 5610 lutrlose
995 5568 1024 5621 tr,
1039 5556 1118 5626 epist.
1131 5554 1175 5612 ld.

150 5622 236 5691 peiles
248 5626 275 5680 in
289 5624 387 5683 Carolo
403 5626 552 5698 Eginartbl.

151 5741 201 5884 μὲ
208 5739 343 5870 Sfflondl
357 5750 449 5799 noum
472 5740 499 5797 la
517 5740 589 5801 hunc
599 5742 687 5801 locum
703 5751 800 5837 'eontra
814 5743 976 5802 Sararonsm
993 5743 1136 5803 conllrmat
1147 5743 1388 5824 Wessehngiusad
1402 5743 1473 5803 llett.
1484 5744 1663 5802 Romanorum
1673 5738 1777 5812 itiner„
