4080 6348
209 310 259 369 ιιι
782 286 785 291 ’
842 309 964 367 ιιιιιιι
981 313 1208 372 neustrasius

209 429 281 485 Felix
293 430 412 499 nemine,
425 437 525 498 mente,
542 429 654 493 bonore,
666 428 748 494 lama,

207 523 290 590 lintis,
307 532 321 560 1
335 520 458 593 conjuge,
474 519 611 585 iratribus,
625 527 748 589 parente,

208 615 349 668 clermareis
360 612 490 682 genitoris
502 619 582 681 atque
595 612 701 679 matris,

209 705 242 759 lit
252 704 266 744 l
277 719 383 760 summo
397 702 554 772 patruelium
567 702 694 771 Camillo,

192 794 277 861 ‘erid
292 808 376 865 nugas
389 793 550 873 temerarias
564 794 655 864 amici,

180 5554 199 5605 a

178 5622 181 5631 t

208 887 279 954 Quas
293 886 391 956 sparsit
404 879 505 943 tenerae
513 886 589 956 jocus
602 886 732 958 juventae,

208 979 236 1032 lu
250 976 364 1032 iormem
379 976 463 1048 redigi
474 978 552 1046 iubes
566 978 671 1034 libellil

209 1070 347 1140 lugentem
357 1067 440 1124 simul
450 1078 478 1125 et
488 1079 600 1140 repente
613 1069 715 1128 iascem

89 1152 96 1160 ’
207 1162 325 1219 Conllari
337 1160 456 1227 invidiae,
467 1173 494 1219 et
508 1164 596 1235 perire
606 1164 748 1221 ebertaml

208 1255 339 1310 blandatis
353 1254 479 1322 lamulor,
494 1254 542 1312 sed
554 1262 616 1311 ante
629 1262 721 1321 tester,

209 1344 306 1402 Lector
315 1360 383 1417 quas
393 1347 503 1417 patieris
519 1346 563 1403 bic
576 1345 708 1403 salebras.

243 1437 302 1494 lieo
316 1454 365 1494 nos
379 1439 513 1495 currimus
523 1454 648 1512 aggerem
658 1449 807 1509 uetustum,

208 1528 263 1586 Nec
282 1529 425 1600 quidquam
441 1531 574 1596 inuenies,
590 1532 634 1589 ubi
649 1531 770 1602 priorum

208 1621 339 1690 Antiquos
353 1627 422 1676 terat
436 1618 536 1677 orbitas
548 1621 649 1677 Thalia.

208 1712 267 1768 Neo
283 1712 327 1768 bic
338 1713 491 1783 antipodas,
502 1713 645 1786 salumque
657 1715 780 1785 rubrum,

208 1802 289 1875 352
303 1803 361 1860 lion
377 1804 421 1860 bie
433 1806 600 1863 llemnonios
614 1822 742 1864 canemus
753 1807 842 1876 ludos,

207 1895 321 1952 Aurorcc
333 1898 390 1954 lace
402 1898 486 1954 civica
501 1908 623 1969 perustos
639 1918 647 1957 a

207 1986 268 2043 Nou
280 1988 417 2054 Artaxata,
434 1990 510 2059 Susa,
524 1990 631 2059 Baetra,
642 1990 771 2063 Carrhas,

207 2077 266 2134 Non
278 2086 381 2135 coctam
392 2079 528 2152 Babylona
540 2084 701 2150 personabo,

207 2170 272 2237 Qua
285 2174 388 2244 largum
401 2174 482 2230 llurio
495 2182 589 2245 patens
605 2179 722 2246 alumno,
792 2228 796 2237 ,

206 2263 343 2320 ΙιιιΙιιιιιι
355 2265 423 2322 bibit
435 2277 447 2305 ι
462 2265 525 2322 bine
538 2277 565 2323 et
575 2269 639 2325 inde
651 2270 763 2341 Tigrim.

207 2354 266 2412 Non
281 2355 325 2413 bie
336 2356 453 2429 Assyriis
464 2358 561 2415 Ninum
576 2361 705 2431 priorem,

207 2448 266 2504 Neo
279 2450 365 2505 Medis
376 2459 457 2520 caput
466 2450 598 2509 Arbacem
610 2454 766 2523 prolabor.u

146 2592 152 2599 .
207 2542 263 2599 Nec
273 2558 353 2614 quam
367 2544 459 2612 divite,
474 2559 535 2601 curn
547 2546 644 2617 relegit
663 2548 781 2618 bostem,

207 2636 282 2692 Arsit
296 2635 495 2707 Sardanapalus
504 2638 530 2693 in
543 2639 643 2696 larilla.

207 2725 266 2783 lion
281 2726 380 2798 Cyrum
391 2727 515 2799 Astyagis
529 2729 624 2800 loquar
638 2738 771 2800 nepotem,

207 2817 342 2875 Nutritum
357 2819 440 2876 ubere
454 2835 534 2891 quem
546 2820 636 2878 lerum
646 2823 753 2889 canino,

208 2908 291 2983 Cuy'os
304 2926 358 2966 uon
374 2912 458 2967 naluit
472 2913 646 2984 rapacitatem

205 3006 256 3062 liei
269 3005 338 3078 Lydi
351 3006 451 3063 satiare
464 3020 529 3078 gaza
544 3007 647 3064 Croesi:
726 3062 732 3069 ,

207 3097 291 3169 liuius
304 3111 354 3154 nec
366 3097 459 3154 terius
478 3099 587 3156 subacta
601 3108 666 3156 tuoe
679 3109 732 3167 est,

207 3191 291 3250 (lesia
305 3193 423 3250 millibus
437 3203 568 3252 antecum
582 3195 715 3253 ducentis.

253 3484 408 3565 sidonium,
425 3497 455 3544 ut
475 3493 608 3563 poematia
634 3509 693 3561 quae
710 3498 792 3552 variis
811 3500 996 3555 occasionibus

207 3566 360 3624 empserat,
376 3558 403 3614 in
420 3560 497 3617 rtnios
513 3562 573 3618 libri
587 3563 702 3620 lormam
719 3567 853 3639 redigeret
864 3585 895 3624 ac

207 3632 291 3708 earet.
306 3627 335 3707 ln
349 3645 402 3698 quo
415 3632 464 3686 etsi
484 3648 537 3688 nen
558 3635 698 3704 ignorabat
720 3653 799 3708 quam
824 3655 904 3711 grave

206 3693 288 3749 altem
302 3698 394 3768 yodicii
417 3702 501 3758 aleam
525 3705 624 3772 subire,
650 3707 728 3762 amici
753 3719 840 3765 temen
861 3712 997 3767 desiderio

207 3764 303 3849 deesse
328 3785 380 3824 non
395 3774 489 3841 potuit.
506 3775 597 3845 ltaque
618 3776 765 3833 editionem
784 3794 859 3835 suam
884 3785 996 3851 parendi

207 3837 296 3918 studio
306 3854 416 3897 etcrrsat
432 3862 438 3900 :
452 3846 522 3901 unde
534 3858 562 3902 et
575 3848 689 3903 carmini
701 3851 794 3907 titulus
810 3853 836 3905 in
857 3853 931 3909 libris
947 3871 997 3911 au·
1047 3878 1083 3934 pr

208 3915 288 3977 ttqurs
303 3928 309 3963 :
327 3926 618 3979 ascusnronruunoy.
643 3934 668 3975 c.
693 3936 816 3977 retrusit.
838 3922 913 3980 Felix
932 3929 996 3998 erg'o

1009 431 1037 490 A
1048 429 1078 486 ln
1091 431 1169 487 rallis
1177 428 1311 502 Scythice
1324 436 1434 487 coaetus
1446 434 1547 495 artum,

1051 520 1158 578 Orbata
1169 522 1203 577 ad
1216 520 1340 593 Tomyris
1351 520 1456 577 reniret
1467 528 1565 577 utrem.

1051 611 1109 667 lion
1129 611 1172 665 bic
1182 610 1327 681 Cecropios
1342 610 1414 681 lcgcs
1428 610 1590 679 triumplros,

1055 702 1100 759 Vel
1112 703 1136 759 si
1150 716 1204 774 quo
1214 701 1354 758 llaratbon
1368 700 1447 758 rubet
1460 700 1567 767 duello;

1052 798 1179 853 Aureum
1193 795 1276 852 millia
1292 795 1364 851 mille
1376 794 1543 850 concitarent

1052 887 1173 945 loliatum
1188 886 1379 943 numerositate
1389 885 1512 952 Xersem

1053 980 1142 1051 Atque
1157 979 1229 1035 bunc
1243 975 1397 1034 dominibus
1411 976 1476 1032 satis
1489 973 1630 1046 proiuodis

1055 1071 1204 1129 Confestim
1215 1070 1325 1127 ebibitis
1340 1069 1428 1125 adbuc
1437 1068 1547 1135 sitisse,

1052 1164 1107 1220 Nec
1121 1179 1174 1219 oon
1184 1161 1389 1233 Thermopylas,
1404 1167 1433 1217 et
1446 1159 1532 1216 licilis
1546 1159 1643 1229 undas,

1052 1256 1156 1327 Spretis
1170 1253 1294 1311 obicibus
1308 1252 1359 1308 soli
1373 1253 1489 1323 salique,

1052 1350 1156 1407 insanis
1165 1349 1301 1420 equitasse
1315 1362 1376 1404 cum
1388 1345 1513 1415 cateruis,

1052 1442 1231 1512 Admissoqne
1249 1440 1276 1495 in
1291 1439 1380 1497 Atlron
1396 1446 1514 1495 umente
1524 1447 1606 1511 pomo

1052 1533 1131 1590 Juxta
1146 1532 1299 1590 lroudiierre
1312 1546 1440 1588 cacumen
1452 1530 1522 1601 alpis

1052 1627 1175 1697 scalptas
1192 1625 1323 1682 classibus
1337 1625 1390 1681 isse
1404 1640 1452 1695 per
1466 1638 1608 1680 cavernas.

1088 1718 1168 1791 353
1182 1717 1240 1773 Non
1254 1715 1356 1786 prolem
1369 1714 1551 1772 Garamantici
1562 1712 1693 1780 manmit,

1010 1808 1036 1868 tt
1049 1810 1149 1882 Reguis
1160 1807 1378 1879 principibusque
1390 1807 1595 1878 principantem,

1054 1902 1194 1960 Porrectas
1207 1902 1278 1959 Asis
1289 1902 1383 1975 loquar
1397 1902 1410 1939 ¹¹
1424 1914 1537 1973 paterno

1053 1997 1146 2051 Aetam
1163 1994 1272 2049 iulmine
1292 1993 1443 2063 pervolasse
1457 2004 1552 2050 terras.

1052 2086 1087 2142 Et
1101 2085 1215 2157 primum
1230 2084 1303 2141 Darii
1318 2086 1509 2142 tumultuantes

1052 2177 1196 2233 Proelectes
1214 2188 1389 2248 satrapasque
1398 2178 1545 2249 perculisse
1559 2196 1566 2233 ε

1053 2270 1112 2326 llos
1127 2271 1214 2341 ipsum
1225 2271 1294 2327 solio
1308 2280 1413 2341 patrum
1423 2272 1580 2342 superbum,

1053 2362 1239 2434 ingratosque
1252 2364 1303 2420 sibi
1316 2364 1383 2421 deos
1400 2373 1567 2436 crepantem,

1051 2456 1142 2529 Captis
1157 2457 1281 2528 coniuge,
1295 2458 1396 2523 liberis,
1410 2466 1531 2528 parente,

1052 2550 1081 2604 ln
1095 2563 1175 2631 casus
1190 2549 1309 2606 bominis
1327 2549 1416 2607 redire
1431 2550 1548 2621 y'ussum.

1053 2642 1104 2710 Qui
1118 2656 1180 2698 cum
1194 2643 1311 2700 maxima
1323 2642 1393 2700 bella
1404 2643 1576 2713 concitasset,

1053 2737 1120 2796 'lota
1134 2747 1162 2793 et
1173 2738 1293 2794 Persidis
1307 2738 1424 2809 undique
1436 2747 1554 2809 gregatae

1055 2831 1112 2889 Une
1123 2832 1307 2889 constituisset
1320 2846 1395 2889 arma
1410 2848 1515 2902 campo,

1757 2603 1790 2635 ,1,

1042 2923 1109 2980 Ἠιι
1121 2924 1208 2980 solum
1222 2923 1379 2995 perhibetur
1390 2933 1538 2992 assecutus,

1052 3014 1217 3087 Dormiressut
1230 3015 1326 3072 melius
1339 3015 1436 3073 liberet
1451 3018 1532 3073 trosti.

1052 3119 1064 3149 ι
1078 3107 1137 3165 lloo
1150 3116 1243 3165 rectos
1253 3108 1354 3180 llioyas
1367 3109 1494 3180 loquente
1503 3111 1571 3167 silea

1009 3189 1034 3252 (l
1050 3199 1141 3257 Dicam
1151 3197 1281 3256 Phasiaco
1294 3201 1404 3258 stetisse
1416 3208 1506 3273 portu,

207 3422 250 3468 est
258 3417 420 3539 proemium
435 3431 467 3475 ac
481 3421 561 3476 ueluti
575 3408 707 3492 pictatio.
724 3424 841 3497 liegarat
853 3430 925 3484 enim
941 3429 996 3485 Fe·
1016 3398 1028 3409 ἱ
1108 3441 1189 3478 amm
1201 3441 1374 3480 metesinum
1385 3430 1624 3494 clarissimaemjux,

1139 3489 1283 3552 Sumptibus
1294 3493 1341 3543 ιιι
1353 3496 1458 3556 propriis
1466 3495 1596 3546 emicant
1602 3508 1670 3559 opus.

909 3571 997 3697 Pffl
1081 3594 1096 3633 1
1115 3594 1192 3651 Hune
1205 3595 1293 3667 llagni
1308 3599 1426 3653 consulis
1447 3599 1537 3655 iratris
1553 3600 1636 3656 illlum
1652 3601 1839 3662 luissedoenit

1045 3665 1158 3736 epistola
1184 3666 1288 3732 ultima,
1305 3667 1352 3723 lib.
1367 3685 1386 3727 ι.
1409 3669 1463 3726 Νοι
1485 3671 1575 3741 llagni
1598 3671 1698 3728 Felicis
1723 3674 1839 3734 Enoodll

1047 3747 1148 3807 patrem
1163 3737 1328 3807 conjecimus
1342 3740 1376 3795 ad
1391 3741 1504 3797 Ennodii
1517 3744 1659 3810 epistelam
1672 3744 1719 3810 ιδ,
1735 3746 1781 3802 lib.
1797 3760 1836 3802 rt.

1084 3818 1095 3846 ⁰
1116 3807 1172 3862 lure
1186 3809 1359 3875 Euphratem,
1380 3820 1410 3866 ut
1420 3810 1540 3868 historiae
1555 3828 1649 3871 omues
1666 3815 1785 3884 tradunt,
1809 3826 1839 3875 et

1084 3879 1202 3948 apertius
1220 3880 1266 3936 lib.
1283 3895 1322 3935 ur.

207 3975 234 4032 is
248 3987 291 4034 est
312 3981 346 4036 ad
369 4000 449 4054 quern
472 3987 574 4054 aliquas
596 3990 724 4059 epistolas
750 3992 882 4063 vidimus,
908 3996 996 4069 lingui
1106 3989 1377 4063 berritetlloplrratem
1388 3992 1749 4058 midlflmtlllwssdlffllffl&

207 4051 327 4106 consulis
342 4067 376 4109 ex
388 4056 527 4126 Maioriani
540 4061 620 4128 epulo
633 4062 690 4117 noti
703 4061 783 4131 dlius,
798 4080 813 4118 ι
827 4080 880 4135 qno
895 4078 921 4122 et
933 4083 996 4139 cog·

207 4132 306 4176 nomen
321 4125 398 4192 tulit;
414 4142 475 4182 nam
486 4128 596 4198 llegnus
609 4130 684 4188 Felix
695 4136 844 4203 appellatus
858 4143 909 4192 est.
924 4139 997 4195 Con·
1083 4162 1097 4198 ι

206 4189 249 4244 sul
264 4198 354 4250 ιιιιιιι
377 4211 429 4250 non
444 4198 509 4264 luit,
525 4200 573 4253 ιιι
589 4200 730 4268 praelectus
745 4215 847 4262 tantum
869 4212 997 4278 praetorio
1046 4233 1129 4288 qm,

206 4269 235 4315 et
246 4265 383 4330 patricius.
400 4266 476 4321 Prius
494 4269 564 4323 enim
579 4285 658 4338 quam
671 4273 705 4327 ad
720 4279 886 4333 consulatum
902 4294 996 4349 perre-

157 4356 160 4367 ·
205 4329 289 4397 niret,
303 4334 431 4389 saeculum
447 4338 587 4409 reliquitet
596 4340 747 4410 religiosam
760 4347 842 4402 ritem
856 4351 995 4420 amplexus

205 4408 257 4454 est.
273 4402 332 4467 Quo
353 4413 474 4474 tempore
487 4407 618 4479 insignem
641 4411 675 4466 ad
691 4414 795 4483 ipsum,
820 4434 880 4484 quse
895 4430 993 4488 exstat,

205 4469 347 4539 epistolam
369 4475 479 4545 scripsit
502 4478 616 4535 Faustus
627 4483 768 4553 episcopos
783 4486 925 4557 tielensis,
942 4505 995 4559 qua

205 4553 292 4609 nuper
307 4545 491 4621 ἀπιταξαμινῳ
500 4550 669 4675 ξωιίιιιιιίιι
689 4551 802 4610 iormnm
817 4559 907 4613 tradit.
922 4560 995 4617 Geu-

513 4620 611 4692 'craptit
625 4631 713 4692 posteo
727 4626 761 4680 od
773 4625 887 4693 Felicem
900 4633 970 4703 preci
984 4665 994 4677 -

206 4609 303 4667 nadius
318 4614 344 4668 in
362 4614 459 4673 Fausto
476 4636 483 4672 :

205 4688 274 4764 ctum
283 4688 414 4752 pretorio,
424 4696 449 4743 et
457 4692 574 4760 patriciae
586 4694 719 4764 diqnitotit
731 4697 822 4764 uirum,
836 4700 919 4771 filium
934 4704 995 4759 llo·

205 4754 433 4829 percensetisjom
443 4762 600 4832 religiosam,
614 4766 747 4834 epistolum
757 4770 790 4823 od
802 4768 906 4826 Domini
920 4776 995 4830 tirno·

171 4835 180 4897 ι
204 4822 462 4909 rsmtqnaroriom,
479 4836 665 4890 conuenientem
686 4841 800 4908 pmaoait
820 4841 896 4913 pierre
908 4847 993 4903 onium

176 4970 178 4974 λ
204 4900 377 4962 poemtentmm
395 4918 471 4972 opere
490 4904 529 4957 dis
548 4915 678 4962 oneratum.
701 4908 844 4983 Utriusque
863 4924 992 4984 praeterea

204 4962 331 5023 distincte
344 4973 466 5028 meminit
480 4975 507 5028 io
528 4921 726 5047 Propemptlco.

173 5051 176 5085 i
240 5043 254 5072 ⁸
272 5039 361 5095 Attica
376 5044 493 5101 nemine.
511 5045 548 5101 lia
571 5048 642 5103 enim
667 5051 771 5108 ridetur
785 5052 880 5126 deque
899 5057 992 5115 Romae
1043 5083 1084 5138 dp

1050 4091 1127 4164 137
1142 4092 1230 4159 Quare
1242 4095 1343 4167 Tigrim
1356 4098 1446 4167 posuit
1457 4113 1506 4168 pro
1522 4098 1668 4226 EoXbrate.

1118 4164 1227 4221 Summa
1245 4168 1382 4223 celeritate
1397 4176 1542 4239 tergentes
1573 4171 1715 4229 ebellasse.
1727 4174 1836 4244 Apelles

1132 4236 1226 4290 ndrum
1248 4261 1273 4294 ιιι
1291 4240 1442 4315 αυιοιόριι,
1459 4240 1559 4297 tulmen
1572 4250 1723 4313 tenentem,
1739 4247 1836 4315 pinsit.

1046 4304 1121 4387 Quod
1134 4308 1183 4361 etsi
1197 4308 1230 4363 ad
1242 4259 1391 4365 laculesam
1404 4309 1478 4366 Jovis
1491 4314 1575 4382 patris
1588 4313 1719 4385 originem
1734 4318 1836 4377 reierrs

1049 4381 1142 4443 potutt,
1154 4387 1259 4433 constat
1270 4388 1359 4434 temen
1375 4381 1449 4436 nulla
1460 4398 1490 4438 re
1501 4398 1615 4455 unquam
1629 4388 1717 4454 aptius
1732 4388 1771 4444 illi
1786 4389 1837 4446 lul·

1049 4459 1111 4501 men
1122 4449 1293 4515 convenisse,
1310 4465 1389 4519 quam
1403 4466 1465 4507 cum
1480 4463 1555 4510 ortus
1568 4454 1721 4530 obitusque,
1733 4467 1762 4514 ut
1773 4474 1835 4516 cum

1046 4514 1158 4599 Papinio
1171 4520 1274 4589 loquar,
1296 4520 1459 4587 lulmiuaret,
1470 4523 1522 4580 troc
1533 4535 1587 4593 est,
1602 4528 1661 4597 pari
1674 4530 1835 4598 pernicitate

1045 4594 1126 4656 atque
1140 4600 1240 4660 impetu
1253 4593 1426 4661 opprimeret.
1438 4594 1584 4665 Propterea
1593 4598 1665 4655 sacri
1678 4602 1835 4670 quoqueie·

1047 4666 1177 4726 terpretes
1191 4663 1275 4718 nostri
1291 4662 1476 4721 Alexandrum
1500 4666 1674 4725 Macedonem
1692 4686 1708 4723 a
1723 4670 1835 4731 {laniem

1007 4725 1034 4785 D
1047 4728 1176 4800 propbeta
1187 4746 1248 4787 cum
1260 4733 1343 4804 pardo
1365 4735 1436 4791 alato
1448 4748 1633 4808 comparatum
1645 4739 1759 4798 docent:
1771 4746 1835 4815 quia

1046 4798 1073 4854 id
1085 4814 1171 4870 genus
1190 4801 1255 4858 lerte
1266 4804 1520 4875 concitatissimum,
1534 4816 1563 4865 et
1583 4810 1731 4869 Alexandri
1744 4814 1832 4872 vieto·

1046 4870 1094 4936 ria,
1108 4879 1138 4927 ut
1151 4870 1328 4947 Hieronymus
1343 4886 1425 4946 notet,
1439 4878 1505 4934 nibil
1521 4879 1569 4936 luit
1580 4881 1707 4939 velocius.

1081 4950 1093 4979 ⁰
1114 4944 1291 5014 Argonautas.
1307 4948 1412 5003 Seriem
1434 4958 1584 5020 temporum
1606 4951 1732 5010 Sidonius
1749 4955 1832 5014 etiam

1044 5028 1071 5066 ιι
1087 5014 1212 5085 mythicis
1222 5019 1357 5075 observat.
1371 5019 1436 5074 Nam
1446 5022 1470 5076 si
1484 5022 1518 5078 ab
1531 5021 1692 5095 Argonautis
1705 5026 1776 5083 uode
1789 5044 1834 5084 or·

204 5112 282 5161 mu,
304 5110 367 5166 unm
381 5125 439 5170 m,
457 5117 620 5187 epigramma
638 5119 666 5174 in
680 5123 792 5180 wem
809 5126 838 5182 S·
853 5125 990 5185 Mummii
1043 5170 1076 5210 eo
1086 5102 1127 5147 ur.
1140 5086 1173 5141 ad
1183 5086 1330 5160 odysseam
1344 5105 1428 5161 usque
1443 5090 1470 5146 in
1484 5108 1536 5162 qua
1550 5092 1660 5162 desinit,
1674 5109 1832 5167 percurras,

204 5175 374 5248 iollamase,
395 5188 421 5240 in
443 5200 494 5257 qua
513 5188 605 5244 nescio
625 5191 689 5261 quid
710 5195 802 5264 operis
816 5210 867 5254 suo
880 5213 960 5271 sump

203 5256 416 5309 fflmuuxeral‘t

265 5339 381 5405 Quisquis
390 5347 464 5410 plena
475 5349 529 5401 Dee
538 5355 651 5416 mysteria
663 5363 747 5409 mente
758 5352 873 5424 requiris,

293 5402 348 5455 llue
355 5409 461 5460 amede:
474 5413 560 5463 domus
570 5414 687 5479 religiosa
698 5429 774 5484 pater.

262 5463 390 5543 Ηιιιιιιι
399 5477 466 5523 tecta
493 5476 819 5545 iosemperdevotatimeri,

292 5528 460 5606 Audttumque
470 5489 540 5587 fleus
549 5542 683 5592 commodat
692 5545 732 5595 lrie
742 5548 857 5607 precibus

207 5612 215 5630 .
263 5590 297 5643 Er
341 5593 854 5676 letbrlerosproperacompesceresensus,

265 5662 822 5787 uresilueritbiiiilliliie.

292 5776 323 5829 Et
332 5782 449 5845 quidquia
458 5784 579 5837 scelerum
591 5791 679 5841 uerius
691 5806 760 5857 error
772 5773 853 5867 babesl.

1077 5156 1138 5211 dem
1158 5163 1247 5214 orrrnia
1269 5171 1361 5215 narrat
1381 5161 1476 5217 ordine
1503 5178 1557 5233 quo
1577 5174 1654 5235 gesta
1683 5165 1832 5237 linguntur.

962 5209 990 5257 ω
1044 5230 1834 5356 specimergodirle'dqususest.AtLuciaousrenuisse·

1239 5318 1245 5354 Ι

1047 5305 1149 5365 tentus,
1173 5301 1200 5355 in
1486 5309 1578 5371 deror,
1595 5316 1654 5376 post
1671 5322 1704 5363 ea
1724 5301 1833 5380 qimau

1044 5367 1111 5425 deos
1124 5371 1290 5439 spectabant,
1303 5388 1362 5442 quae
1376 5325 1533 5440 pensiero
1544 5389 1753 5450 commemorat,
1765 5384 1833 5442 reli·

1044 5454 1125 5508 quam
1153 5455 1259 5497 omnem
1293 5458 1320 5497 m
1342 5442 1486 5513 tbnlogiam
1519 5446 1650 5506 loeissac
1676 5452 1833 5523 regionibus

1044 5458 1832 5590 distinxit‚Atticam‚{AchaicamCorirrtbiaeam,AEtlrio-

1043 5583 1146 5650 picam,
1162 5583 1320 5639 Laeorriram
1333 5626 1341 5650 ,
1354 5585 1485 5656 Aiiacem,
1502 5589 1679 5660 Arcadicam,
1694 5594 1834 5655 Thessali-

1043 5666 1113 5720 cam,
1125 5665 1152 5709 ιι
1165 5662 1276 5711 ceteras
1308 5671 1355 5713 uas
1370 5657 1420 5714 boc
1435 5657 1480 5713 lile
1492 5664 1672 5731 persequitur.
1689 5663 1731 5722 Ad
1745 5668 1832 5727 ibes·

1042 5722 1150 5778 salicam
1160 5734 1248 5780 autem
1263 5672 1344 5784 reffert
1356 5730 1534 5800 Argonautas,
1545 5738 1686 5819 reia'Apyd,
1700 5745 1745 5799 reia
1757 5740 1817 5798 lello

1042 5795 1117 5858 «ιιι,-
1130 5796 1229 5877 τρόπιι,
1240 5795 1308 5875 Arqo
1319 5803 1404 5863 unnim
1416 5811 1440 5857 et
1454 5804 1585 5879 qorrulqm
1597 5821 1654 5879 eyes
1662 5809 1790 5890 carinam,

1247 5301 1324 5372 elego
1336 5302 1460 5384 ‘rrcpifop
