<?xml version="1.0" encoding="UTF-8"?>
<!DOCTYPE html PUBLIC "-//W3C//DTD XHTML 1.0 Transitional//EN"
    "http://www.w3.org/TR/xhtml1/DTD/xhtml1-transitional.dtd">
<html xmlns="http://www.w3.org/1999/xhtml" xml:lang="en" lang="en">
 <head>
  <title>
</title>
<meta http-equiv="Content-Type" content="text/html;charset=utf-8" />
  <meta name='ocr-system' content='tesseract 3.04.00' />
  <meta name='ocr-capabilities' content='ocr_page ocr_carea ocr_par ocr_line ocrx_word'/>
</head>
<body>
  <div class='ocr_page' id='page_1' title='image "./patrologiaecurs224unkngoog_0407.png"; bbox 0 0 4062 6350; ppageno 0'>
   <div class='ocr_carea' id='block_1_1' title="bbox 271 365 782 556">
    <p class='ocr_par' dir='ltr' id='par_1_1' title="bbox 271 365 782 556">
     <span class='ocr_line' id='line_1_1' title="bbox 271 365 321 422; baseline 0 -1"><span class='ocrx_word' id='word_1_1' title='bbox 271 365 321 422; x_wconf 72' lang='lat' dir='ltr'><strong>ilii</strong></span> 
     </span>
     <span class='ocr_line' id='line_1_2' title="bbox 272 481 782 556; baseline -0.004 -17"><span class='ocrx_word' id='word_1_2' title='bbox 272 486 353 543; x_wconf 79' lang='lat' dir='ltr'><strong>Victis</strong></span> <span class='ocrx_word' id='word_1_3' title='bbox 366 495 378 525; x_wconf 81' lang='lat'><strong>¹</strong></span> <span class='ocrx_word' id='word_1_4' title='bbox 392 488 432 544; x_wconf 83' lang='lat' dir='ltr'><strong>irs</strong></span> <span class='ocrx_word' id='word_1_5' title='bbox 443 486 549 556; x_wconf 87' lang='lat' dir='ltr'><strong>jubciis,</strong></span> <span class='ocrx_word' id='word_1_6' title='bbox 563 485 628 540; x_wconf 86' lang='lat' dir='ltr'><strong>satis</strong></span> <span class='ocrx_word' id='word_1_7' title='bbox 642 481 782 551; x_wconf 86' lang='lat' dir='ltr'><strong>pudendis,</strong></span> 
     </span>
    </p>
   </div>
   <div class='ocr_carea' id='block_1_2' title="bbox 270 576 776 735">
    <p class='ocr_par' dir='ltr' id='par_1_2' title="bbox 270 576 776 735">
     <span class='ocr_line' id='line_1_3' title="bbox 270 576 693 644; baseline -0.009 -12"><span class='ocrx_word' id='word_1_8' title='bbox 270 578 346 635; x_wconf 78' lang='lat' dir='ltr'><strong>Villis</strong></span> <span class='ocrx_word' id='word_1_9' title='bbox 359 576 566 634; x_wconf 83' lang='lat' dir='ltr'><strong>uersicoloribus</strong></span> <span class='ocrx_word' id='word_1_10' title='bbox 580 583 693 644; x_wconf 86' lang='lat' dir='ltr'><strong>tapetas.</strong></span> 
     </span>
     <span class='ocr_line' id='line_1_4' title="bbox 305 663 776 735; baseline -0.006 -13"><span class='ocrx_word' id='word_1_11' title='bbox 305 666 389 723; x_wconf 74' lang='lat' dir='ltr'><strong>titan</strong></span> <span class='ocrx_word' id='word_1_12' title='bbox 402 680 467 721; x_wconf 84' lang='lat' dir='ltr'><strong>vero</strong></span> <span class='ocrx_word' id='word_1_13' title='bbox 476 663 776 735; x_wconf 67' lang='lat' dir='ltr'><strong>iuvenalibusiperactis</strong></span> 
     </span>
    </p>
   </div>
   <div class='ocr_carea' id='block_1_3' title="bbox 195 755 889 917">
    <p class='ocr_par' dir='ltr' id='par_1_3' title="bbox 195 755 889 917">
     <span class='ocr_line' id='line_1_5' title="bbox 269 755 889 828; baseline -0.006 -16"><span class='ocrx_word' id='word_1_14' title='bbox 269 759 353 826; x_wconf 85' lang='lat' dir='ltr'><strong>Quem</strong></span> <span class='ocrx_word' id='word_1_15' title='bbox 366 768 391 813; x_wconf 92' lang='lat' dir='ltr'><strong>te</strong></span> <span class='ocrx_word' id='word_1_16' title='bbox 403 756 551 828; x_wconf 73' lang='lat' dir='ltr'><strong>praebueris</strong></span> <span class='ocrx_word' id='word_1_17' title='bbox 565 764 694 826; x_wconf 90' lang='lat' dir='ltr'><strong>sequente</strong></span> <span class='ocrx_word' id='word_1_18' title='bbox 707 755 733 810; x_wconf 92' lang='lat' dir='ltr'><strong>iii</strong></span> <span class='ocrx_word' id='word_1_19' title='bbox 748 770 816 824; x_wconf 72' lang='lat' dir='ltr'><strong>eiu,</strong></span> <span class='ocrx_word' id='word_1_20' title='bbox 885 809 889 815; x_wconf 76' lang='grc'>,</span> 
     </span>
     <span class='ocr_line' id='line_1_6' title="bbox 195 848 792 917; baseline -0.002 -13"><span class='ocrx_word' id='word_1_21' title='bbox 195 877 196 881; x_wconf 62' lang='lat'><em>=</em></span> <span class='ocrx_word' id='word_1_22' title='bbox 270 851 340 904; x_wconf 87' lang='lat' dir='ltr'><strong>lntrn</strong></span> <span class='ocrx_word' id='word_1_23' title='bbox 356 860 368 888; x_wconf 74' lang='lat'>⁰</span> <span class='ocrx_word' id='word_1_24' title='bbox 387 848 476 904; x_wconf 87' lang='lat' dir='ltr'><strong>uillam</strong></span> <span class='ocrx_word' id='word_1_25' title='bbox 490 848 576 905; x_wconf 91' lang='lat' dir='ltr'><strong>soceri</strong></span> <span class='ocrx_word' id='word_1_26' title='bbox 592 848 644 903; x_wconf 91' lang='lat' dir='ltr'><strong>mei</strong></span> <span class='ocrx_word' id='word_1_27' title='bbox 658 849 792 917; x_wconf 84' lang='lat' dir='ltr'><strong>expetitus</strong></span> 
     </span>
    </p>
   </div>
   <div class='ocr_carea' id='block_1_4' title="bbox 267 940 821 2644">
    <p class='ocr_par' dir='ltr' id='par_1_4' title="bbox 267 940 821 2644">
     <span class='ocr_line' id='line_1_7' title="bbox 268 940 759 1022; baseline -0.006 -24"><span class='ocrx_word' id='word_1_28' title='bbox 268 942 365 999; x_wconf 84' lang='lat' dir='ltr'><strong>Curam</strong></span> <span class='ocrx_word' id='word_1_29' title='bbox 378 957 438 997; x_wconf 90' lang='lat' dir='ltr'><strong>curii</strong></span> <span class='ocrx_word' id='word_1_30' title='bbox 453 941 607 1022; x_wconf 78' lang='lat' dir='ltr'><strong>mpderatus</strong></span> <span class='ocrx_word' id='word_1_31' title='bbox 620 955 651 997; x_wconf 90' lang='lat' dir='ltr'><strong>es</strong></span> <span class='ocrx_word' id='word_1_32' title='bbox 666 940 759 1011; x_wconf 76' lang='lat' dir='ltr'><strong>palati,</strong></span> 
     </span>
     <span class='ocr_line' id='line_1_8' title="bbox 268 1032 743 1105; baseline -0.002 -16"><span class='ocrx_word' id='word_1_33' title='bbox 268 1034 374 1090; x_wconf 78' lang='lat' dir='ltr'><strong>Lbartis</strong></span> <span class='ocrx_word' id='word_1_34' title='bbox 388 1032 579 1105; x_wconf 87' lang='lat' dir='ltr'><strong>posterioribus</strong></span> <span class='ocrx_word' id='word_1_35' title='bbox 593 1032 743 1104; x_wconf 87' lang='lat' dir='ltr'><strong>loquemur,</strong></span> 
     </span>
     <span class='ocr_line' id='line_1_9' title="bbox 268 1123 758 1199; baseline -0.01 -16"><span class='ocrx_word' id='word_1_36' title='bbox 268 1126 296 1183; x_wconf 87' lang='lat' dir='ltr'><strong>Si</strong></span> <span class='ocrx_word' id='word_1_37' title='bbox 309 1127 368 1199; x_wconf 92' lang='lat' dir='ltr'><strong>plus</strong></span> <span class='ocrx_word' id='word_1_38' title='bbox 381 1124 547 1195; x_wconf 72' lang='lat' dir='ltr'><strong>temporibus</strong></span> <span class='ocrx_word' id='word_1_39' title='bbox 561 1131 638 1180; x_wconf 83' lang='lat' dir='ltr'><strong>vacat</strong></span> <span class='ocrx_word' id='word_1_40' title='bbox 652 1123 758 1179; x_wconf 86' lang='lat' dir='ltr'><strong>lutaris.</strong></span> 
     </span>
     <span class='ocr_line' id='line_1_10' title="bbox 268 1214 821 1289; baseline -0.016 -14"><span class='ocrx_word' id='word_1_41' title='bbox 268 1217 367 1275; x_wconf 81' lang='lat' dir='ltr'><strong>liuiicd</strong></span> <span class='ocrx_word' id='word_1_42' title='bbox 380 1232 457 1289; x_wconf 88' lang='lat' dir='ltr'><strong>quam</strong></span> <span class='ocrx_word' id='word_1_43' title='bbox 471 1216 587 1273; x_wconf 76' lang='lat' dir='ltr'>diximus</span> <span class='ocrx_word' id='word_1_44' title='bbox 599 1214 821 1286; x_wconf 69' lang='lat' dir='ltr'><strong>hospitalitatem,</strong></span> 
     </span>
     <span class='ocr_line' id='line_1_11' title="bbox 270 1303 784 1380; baseline -0.018 -16"><span class='ocrx_word' id='word_1_45' title='bbox 270 1309 364 1365; x_wconf 91' lang='lat' dir='ltr'><strong>Paucis</strong></span> <span class='ocrx_word' id='word_1_46' title='bbox 375 1316 503 1380; x_wconf 77' lang='lat' dir='ltr'><strong>personet</strong></span> <span class='ocrx_word' id='word_1_47' title='bbox 514 1307 667 1375; x_wconf 88' lang='lat' dir='ltr'><strong>obsequens</strong></span> <span class='ocrx_word' id='word_1_48' title='bbox 678 1303 784 1361; x_wconf 75' lang='lat' dir='ltr'><strong>&#39;l&#39;balia</strong></span> 
     </span>
     <span class='ocr_line' id='line_1_12' title="bbox 303 1396 764 1468; baseline -0.017 -10"><span class='ocrx_word' id='word_1_49' title='bbox 303 1401 424 1458; x_wconf 84' lang='lat' dir='ltr'><strong>Oduleis</strong></span> <span class='ocrx_word' id='word_1_50' title='bbox 438 1400 544 1464; x_wconf 89' lang='lat' dir='ltr'><strong>domus,</strong></span> <span class='ocrx_word' id='word_1_51' title='bbox 558 1397 622 1467; x_wconf 91' lang='lat' dir='ltr'><strong>opii</strong></span> <span class='ocrx_word' id='word_1_52' title='bbox 635 1396 764 1468; x_wconf 86' lang='lat' dir='ltr'><strong>penates!</strong></span> 
     </span>
     <span class='ocr_line' id='line_1_13' title="bbox 269 1486 774 1562; baseline -0.018 -12"><span class='ocrx_word' id='word_1_53' title='bbox 269 1495 343 1562; x_wconf 84' lang='lat' dir='ltr'><strong>Quos</strong></span> <span class='ocrx_word' id='word_1_54' title='bbox 357 1506 403 1548; x_wconf 91' lang='lat' dir='ltr'><strong>res</strong></span> <span class='ocrx_word' id='word_1_55' title='bbox 414 1490 531 1547; x_wconf 78' lang='lat' dir='ltr'><strong>diflicilia</strong></span> <span class='ocrx_word' id='word_1_56' title='bbox 544 1489 648 1559; x_wconf 91' lang='lat' dir='ltr'><strong>sibique</strong></span> <span class='ocrx_word' id='word_1_57' title='bbox 660 1486 774 1551; x_wconf 89' lang='lat' dir='ltr'><strong>discors,</strong></span> 
     </span>
     <span class='ocr_line' id='line_1_14' title="bbox 270 1579 758 1650; baseline -0.018 -8"><span class='ocrx_word' id='word_1_58' title='bbox 270 1585 393 1642; x_wconf 76' lang='lat' dir='ltr'><strong>Libertas</strong></span> <span class='ocrx_word' id='word_1_59' title='bbox 406 1581 486 1640; x_wconf 91' lang='lat' dir='ltr'><strong>siniul</strong></span> <span class='ocrx_word' id='word_1_60' title='bbox 499 1581 598 1639; x_wconf 77' lang='lat' dir='ltr'><strong>excolit</strong></span> <span class='ocrx_word' id='word_1_61' title='bbox 610 1579 758 1650; x_wconf 88' lang='lat' dir='ltr'><strong>pudorque.</strong></span> 
     </span>
     <span class='ocr_line' id='line_1_15' title="bbox 268 1671 667 1741; baseline -0.015 -9"><span class='ocrx_word' id='word_1_62' title='bbox 268 1678 292 1732; x_wconf 87' lang='lat'>0</span> <span class='ocrx_word' id='word_1_63' title='bbox 305 1676 441 1741; x_wconf 84' lang='lat' dir='ltr'><strong>coniitia,</strong></span> <span class='ocrx_word' id='word_1_64' title='bbox 453 1673 558 1737; x_wconf 82' lang='lat' dir='ltr'><strong>labulm,</strong></span> <span class='ocrx_word' id='word_1_65' title='bbox 574 1671 667 1737; x_wconf 88' lang='lat' dir='ltr'><strong>libelli,</strong></span> 
     </span>
     <span class='ocr_line' id='line_1_16' title="bbox 271 1764 703 1836; baseline -0.016 -11"><span class='ocrx_word' id='word_1_66' title='bbox 271 1771 360 1836; x_wconf 83' lang='lat' dir='ltr'><strong>llisns,</strong></span> <span class='ocrx_word' id='word_1_67' title='bbox 376 1771 499 1833; x_wconf 76' lang='lat' dir='ltr'><strong>serietas,</strong></span> <span class='ocrx_word' id='word_1_68' title='bbox 513 1764 678 1828; x_wconf 70' lang='lat' dir='ltr'><strong>dicacitates,</strong></span> <span class='ocrx_word' id='word_1_69' title='bbox 699 1782 703 1791; x_wconf 90' lang='lat'><strong>·</strong></span> 
     </span>
     <span class='ocr_line' id='line_1_17' title="bbox 269 1853 751 1924; baseline -0.025 -6"><span class='ocrx_word' id='word_1_70' title='bbox 269 1862 412 1924; x_wconf 87' lang='lat' dir='ltr'><strong>Occursus,</strong></span> <span class='ocrx_word' id='word_1_71' title='bbox 427 1856 568 1913; x_wconf 87' lang='lat' dir='ltr'><strong>comitatus</strong></span> <span class='ocrx_word' id='word_1_72' title='bbox 583 1869 651 1911; x_wconf 91' lang='lat' dir='ltr'><strong>nnus</strong></span> <span class='ocrx_word' id='word_1_73' title='bbox 666 1853 751 1910; x_wconf 80' lang='lat' dir='ltr'><strong>iderti!</strong></span> 
     </span>
     <span class='ocr_line' id='line_1_18' title="bbox 268 1944 737 2009; baseline -0.021 -1"><span class='ocrx_word' id='word_1_74' title='bbox 268 1952 322 2008; x_wconf 89' lang='lat' dir='ltr'><strong>Seii</strong></span> <span class='ocrx_word' id='word_1_75' title='bbox 335 1949 447 2005; x_wconf 85' lang='lat' dir='ltr'><strong>delubra</strong></span> <span class='ocrx_word' id='word_1_76' title='bbox 459 1947 506 2003; x_wconf 86' lang='lat' dir='ltr'><strong>ilci</strong></span> <span class='ocrx_word' id='word_1_77' title='bbox 520 1944 633 2003; x_wconf 90' lang='lat' dir='ltr'><strong>colenda</strong></span> <span class='ocrx_word' id='word_1_78' title='bbox 648 1944 737 2009; x_wconf 89' lang='lat' dir='ltr'><strong>nobis,</strong></span> 
     </span>
     <span class='ocr_line' id='line_1_19' title="bbox 268 2033 783 2123; baseline -0.021 -24"><span class='ocrx_word' id='word_1_79' title='bbox 268 2043 330 2123; x_wconf 73' lang='lat' dir='ltr'><strong>Sive</strong></span> <span class='ocrx_word' id='word_1_80' title='bbox 347 2040 380 2095; x_wconf 88' lang='lat' dir='ltr'><strong>ad</strong></span> <span class='ocrx_word' id='word_1_81' title='bbox 393 2037 543 2110; x_wconf 71' lang='lat' dir='ltr'><strong>pontificem</strong></span> <span class='ocrx_word' id='word_1_82' title='bbox 557 2036 656 2107; x_wconf 74' lang='lat' dir='ltr'><strong>gradus</strong></span> <span class='ocrx_word' id='word_1_83' title='bbox 670 2033 783 2101; x_wconf 80' lang='lat' dir='ltr'><strong>lercndi,</strong></span> 
     </span>
     <span class='ocr_line' id='line_1_20' title="bbox 268 2126 747 2198; baseline -0.019 -9"><span class='ocrx_word' id='word_1_84' title='bbox 268 2134 330 2189; x_wconf 82' lang='lat' dir='ltr'><strong>Siue</strong></span> <span class='ocrx_word' id='word_1_85' title='bbox 343 2130 376 2186; x_wconf 90' lang='lat' dir='ltr'><strong>ad</strong></span> <span class='ocrx_word' id='word_1_86' title='bbox 386 2129 502 2184; x_wconf 88' lang='lat' dir='ltr'><strong>culmina</strong></span> <span class='ocrx_word' id='word_1_87' title='bbox 516 2127 609 2183; x_wconf 86' lang='lat' dir='ltr'><strong>llarcii</strong></span> <span class='ocrx_word' id='word_1_88' title='bbox 620 2126 747 2198; x_wconf 81' lang='lat' dir='ltr'><strong>llyrunis,</strong></span> 
     </span>
     <span class='ocr_line' id='line_1_21' title="bbox 268 2218 757 2295; baseline -0.012 -15"><span class='ocrx_word' id='word_1_89' title='bbox 268 2225 350 2282; x_wconf 87' lang='lat' dir='ltr'><strong>&#39;lecta</strong></span> <span class='ocrx_word' id='word_1_90' title='bbox 365 2222 476 2295; x_wconf 87' lang='lat' dir='ltr'><strong>illustria</strong></span> <span class='ocrx_word' id='word_1_91' title='bbox 486 2235 534 2277; x_wconf 91' lang='lat' dir='ltr'><strong>seii</strong></span> <span class='ocrx_word' id='word_1_92' title='bbox 548 2219 663 2276; x_wconf 84' lang='lat' dir='ltr'><strong>ridenda</strong></span> <span class='ocrx_word' id='word_1_93' title='bbox 678 2218 736 2275; x_wconf 81' lang='lat' dir='ltr'><strong>Liri</strong></span> <span class='ocrx_word' id='word_1_94' title='bbox 751 2237 757 2274; x_wconf 91' lang='lat'><strong>:</strong></span> 
     </span>
     <span class='ocr_line' id='line_1_22' title="bbox 267 2310 744 2382; baseline -0.01 -11"><span class='ocrx_word' id='word_1_95' title='bbox 267 2316 332 2371; x_wconf 82' lang='lat' dir='ltr'><strong>Sive</strong></span> <span class='ocrx_word' id='word_1_96' title='bbox 342 2313 376 2369; x_wconf 89' lang='lat' dir='ltr'><strong>ad</strong></span> <span class='ocrx_word' id='word_1_97' title='bbox 389 2311 536 2382; x_wconf 78' lang='lat' dir='ltr'><strong>doctiloqui</strong></span> <span class='ocrx_word' id='word_1_98' title='bbox 549 2310 648 2367; x_wconf 80' lang='lat' dir='ltr'><strong>Leuius</strong></span> <span class='ocrx_word' id='word_1_99' title='bbox 660 2310 744 2378; x_wconf 78' lang='lat' dir='ltr'><strong>aedos,</strong></span> 
     </span>
     <span class='ocr_line' id='line_1_23' title="bbox 268 2401 783 2474; baseline -0.008 -13"><span class='ocrx_word' id='word_1_100' title='bbox 268 2407 327 2474; x_wconf 81' lang='lat' dir='ltr'><strong>Quo</strong></span> <span class='ocrx_word' id='word_1_101' title='bbox 342 2404 382 2460; x_wconf 91' lang='lat' dir='ltr'><strong>bis</strong></span> <span class='ocrx_word' id='word_1_102' title='bbox 395 2417 444 2459; x_wconf 84' lang='lat' dir='ltr'><strong>sex</strong></span> <span class='ocrx_word' id='word_1_103' title='bbox 459 2401 563 2457; x_wconf 89' lang='lat' dir='ltr'><strong>tabulas</strong></span> <span class='ocrx_word' id='word_1_104' title='bbox 576 2401 690 2458; x_wconf 89' lang='lat' dir='ltr'><strong>docente</strong></span> <span class='ocrx_word' id='word_1_105' title='bbox 702 2401 783 2470; x_wconf 87' lang='lat' dir='ltr'><strong>juris,</strong></span> 
     </span>
     <span class='ocr_line' id='line_1_24' title="bbox 268 2493 721 2566; baseline -0.015 -11"><span class='ocrx_word' id='word_1_106' title='bbox 268 2499 345 2556; x_wconf 89' lang='lat' dir='ltr'><strong>llltro</strong></span> <span class='ocrx_word' id='word_1_107' title='bbox 358 2494 484 2552; x_wconf 78' lang='lat' dir='ltr'><strong>claudius</strong></span> <span class='ocrx_word' id='word_1_108' title='bbox 497 2493 601 2566; x_wconf 81' lang='lat' dir='ltr'><strong>appius</strong></span> <span class='ocrx_word' id='word_1_109' title='bbox 611 2502 721 2559; x_wconf 87' lang='lat' dir='ltr'><strong>taceret,</strong></span> 
     </span>
     <span class='ocr_line' id='line_1_25' title="bbox 268 2583 745 2644; baseline -0.019 0"><span class='ocrx_word' id='word_1_110' title='bbox 268 2588 348 2644; x_wconf 80' lang='lat' dir='ltr'><strong>Claro</strong></span> <span class='ocrx_word' id='word_1_111' title='bbox 359 2586 498 2642; x_wconf 87' lang='lat' dir='ltr'><strong>obscurior</strong></span> <span class='ocrx_word' id='word_1_112' title='bbox 511 2584 540 2640; x_wconf 90' lang='lat' dir='ltr'><strong>in</strong></span> <span class='ocrx_word' id='word_1_113' title='bbox 554 2583 745 2641; x_wconf 77' lang='lat' dir='ltr'><strong>demnvtraio.</strong></span> 
     </span>
    </p>
   </div>
   <div class='ocr_carea' id='block_1_5' title="bbox 269 2671 855 2745">
    <p class='ocr_par' dir='ltr' id='par_1_5' title="bbox 269 2671 855 2745">
     <span class='ocr_line' id='line_1_26' title="bbox 269 2671 855 2745; baseline -0.015 -12"><span class='ocrx_word' id='word_1_114' title='bbox 269 2683 305 2733; x_wconf 81' lang='lat' dir='ltr'><strong>bt</strong></span> <span class='ocrx_word' id='word_1_115' title='bbox 317 2677 340 2732; x_wconf 91' lang='lat' dir='ltr'><strong>si</strong></span> <span class='ocrx_word' id='word_1_116' title='bbox 356 2675 429 2731; x_wconf 90' lang='lat' dir='ltr'><strong>dicat</strong></span> <span class='ocrx_word' id='word_1_117' title='bbox 441 2688 517 2745; x_wconf 86' lang='lat' dir='ltr'><strong>epos,</strong></span> <span class='ocrx_word' id='word_1_118' title='bbox 531 2683 699 2745; x_wconf 79' lang='lat' dir='ltr'><strong>metrumque</strong></span> <span class='ocrx_word' id='word_1_119' title='bbox 713 2671 855 2745; x_wconf 74' lang='lat' dir='ltr'><strong>rliytbmis.</strong></span> 
     </span>
    </p>
   </div>
   <div class='ocr_carea' id='block_1_6' title="bbox 269 2766 814 2837">
    <p class='ocr_par' dir='ltr' id='par_1_6' title="bbox 269 2766 814 2837">
     <span class='ocr_line' id='line_1_27' title="bbox 269 2766 814 2837; baseline -0.013 -10"><span class='ocrx_word' id='word_1_120' title='bbox 269 2770 372 2827; x_wconf 79' lang='lat' dir='ltr'><strong>Flectai</strong></span> <span class='ocrx_word' id='word_1_121' title='bbox 385 2766 561 2835; x_wconf 83' lang='lat' dir='ltr'><strong>commaticis,</strong></span> <span class='ocrx_word' id='word_1_122' title='bbox 577 2775 685 2822; x_wconf 90' lang='lat' dir='ltr'><strong>tonante</strong></span> <span class='ocrx_word' id='word_1_123' title='bbox 700 2766 814 2837; x_wconf 87' lang='lat' dir='ltr'><strong>plectro,</strong></span> 
     </span>
    </p>
   </div>
   <div class='ocr_carea' id='block_1_7' title="bbox 267 2856 856 2933">
    <p class='ocr_par' dir='ltr' id='par_1_7' title="bbox 267 2856 856 2933">
     <span class='ocr_line' id='line_1_28' title="bbox 267 2856 856 2933; baseline -0.024 -12"><span class='ocrx_word' id='word_1_124' title='bbox 267 2860 347 2933; x_wconf 66' lang='grc' dir='ltr'><strong>ΜΒ</strong></span> <span class='ocrx_word' id='word_1_125' title='bbox 358 2859 510 2916; x_wconf 90' lang='lat' dir='ltr'><strong>llordacem</strong></span> <span class='ocrx_word' id='word_1_126' title='bbox 525 2857 606 2914; x_wconf 89' lang='lat' dir='ltr'><strong>iaciat</strong></span> <span class='ocrx_word' id='word_1_127' title='bbox 618 2857 700 2914; x_wconf 89' lang='lat' dir='ltr'><strong>silere</strong></span> <span class='ocrx_word' id='word_1_128' title='bbox 715 2856 856 2919; x_wconf 79' lang='lat' dir='ltr'><strong>Flaccuiii;</strong></span> 
     </span>
    </p>
   </div>
   <div class='ocr_carea' id='block_1_8' title="bbox 263 2947 841 4115">
    <p class='ocr_par' dir='ltr' id='par_1_8' title="bbox 267 2947 841 3114">
     <span class='ocr_line' id='line_1_29' title="bbox 267 2947 841 3021; baseline -0.007 -17"><span class='ocrx_word' id='word_1_129' title='bbox 267 2951 392 3018; x_wconf 79' lang='lat' dir='ltr'><strong>Quamvis</strong></span> <span class='ocrx_word' id='word_1_130' title='bbox 408 2960 468 3021; x_wconf 88' lang='lat' dir='ltr'><strong>post</strong></span> <span class='ocrx_word' id='word_1_131' title='bbox 485 2950 581 3006; x_wconf 89' lang='lat' dir='ltr'><strong>satiras</strong></span> <span class='ocrx_word' id='word_1_132' title='bbox 592 2951 731 3020; x_wconf 82' lang='lat' dir='ltr'><strong>lyramque</strong></span> <span class='ocrx_word' id='word_1_133' title='bbox 749 2947 841 3003; x_wconf 84' lang='lat' dir='ltr'><strong>tendat</strong></span> 
     </span>
     <span class='ocr_line' id='line_1_30' title="bbox 267 3041 789 3114; baseline -0.01 -16"><span class='ocrx_word' id='word_1_134' title='bbox 267 3043 312 3099; x_wconf 89' lang='lat' dir='ltr'><strong>lile</strong></span> <span class='ocrx_word' id='word_1_135' title='bbox 325 3041 358 3097; x_wconf 92' lang='lat' dir='ltr'><strong>ad</strong></span> <span class='ocrx_word' id='word_1_136' title='bbox 375 3042 545 3099; x_wconf 83' lang='lat' dir='ltr'><strong>Pinddricum</strong></span> <span class='ocrx_word' id='word_1_137' title='bbox 560 3041 653 3099; x_wconf 85' lang='lat' dir='ltr'><strong>volare</strong></span> <span class='ocrx_word' id='word_1_138' title='bbox 665 3056 789 3114; x_wconf 76' lang='lat' dir='ltr'><strong>cycnum.</strong></span> 
     </span>
    </p>

    <p class='ocr_par' dir='ltr' id='par_1_9' title="bbox 265 3132 841 3931">
     <span class='ocr_line' id='line_1_31' title="bbox 302 3132 841 3203; baseline 0 -14"><span class='ocrx_word' id='word_1_139' title='bbox 302 3135 356 3189; x_wconf 82' lang='lat' dir='ltr'><strong>Seu</strong></span> <span class='ocrx_word' id='word_1_140' title='bbox 368 3148 426 3202; x_wconf 88' lang='lat' dir='ltr'><strong>nos,</strong></span> <span class='ocrx_word' id='word_1_141' title='bbox 439 3132 542 3203; x_wconf 83' lang='lat' dir='ltr'><strong>iisqne,</strong></span> <span class='ocrx_word' id='word_1_142' title='bbox 560 3142 621 3190; x_wconf 92' lang='lat' dir='ltr'><strong>tuus</strong></span> <span class='ocrx_word' id='word_1_143' title='bbox 635 3135 712 3189; x_wconf 83' lang='lat' dir='ltr'><strong>lavor</strong></span> <span class='ocrx_word' id='word_1_144' title='bbox 723 3134 841 3203; x_wconf 84' lang='lat' dir='ltr'><strong>tenebat,</strong></span> 
     </span>
     <span class='ocr_line' id='line_1_32' title="bbox 268 3224 743 3297; baseline 0 -15"><span class='ocrx_word' id='word_1_145' title='bbox 268 3225 356 3282; x_wconf 89' lang='lat' dir='ltr'><strong>bliiliis</strong></span> <span class='ocrx_word' id='word_1_146' title='bbox 369 3224 480 3297; x_wconf 80' lang='lat' dir='ltr'><strong>praedite</strong></span> <span class='ocrx_word' id='word_1_147' title='bbox 493 3226 599 3282; x_wconf 92' lang='lat' dir='ltr'><strong>dotibus</strong></span> <span class='ocrx_word' id='word_1_148' title='bbox 613 3228 743 3296; x_wconf 87' lang='lat' dir='ltr'><strong>uirorum,</strong></span> 
     </span>
     <span class='ocr_line' id='line_1_33' title="bbox 267 3308 768 3384; baseline 0.002 -14"><span class='ocrx_word' id='word_1_149' title='bbox 267 3315 375 3382; x_wconf 83' lang='lat' dir='ltr'><strong>Forma,</strong></span> <span class='ocrx_word' id='word_1_150' title='bbox 393 3315 541 3384; x_wconf 89' lang='lat' dir='ltr'><strong>nobilitate,</strong></span> <span class='ocrx_word' id='word_1_151' title='bbox 557 3308 662 3383; x_wconf 76' lang='lat' dir='ltr'><strong>niente,</strong></span> <span class='ocrx_word' id='word_1_152' title='bbox 673 3330 768 3371; x_wconf 89' lang='lat' dir='ltr'><strong>censu.</strong></span> 
     </span>
     <span class='ocr_line' id='line_1_34' title="bbox 266 3403 731 3477; baseline -0.002 -16"><span class='ocrx_word' id='word_1_153' title='bbox 266 3406 347 3477; x_wconf 85' lang='lat' dir='ltr'><strong>Cujus</strong></span> <span class='ocrx_word' id='word_1_154' title='bbox 361 3407 384 3460; x_wconf 90' lang='lat' dir='ltr'><strong>si</strong></span> <span class='ocrx_word' id='word_1_155' title='bbox 398 3403 487 3460; x_wconf 81' lang='lat' dir='ltr'><strong>iarios</strong></span> <span class='ocrx_word' id='word_1_156' title='bbox 501 3419 559 3461; x_wconf 86' lang='lat' dir='ltr'><strong>esni</strong></span> <span class='ocrx_word' id='word_1_157' title='bbox 576 3420 623 3475; x_wconf 85' lang='lat' dir='ltr'><strong>per</strong></span> <span class='ocrx_word' id='word_1_158' title='bbox 635 3416 731 3461; x_wconf 88' lang='lat' dir='ltr'><strong>actus:</strong></span> 
     </span>
     <span class='ocr_line' id='line_1_35' title="bbox 265 3494 783 3553; baseline 0.002 -1"><span class='ocrx_word' id='word_1_159' title='bbox 265 3494 377 3552; x_wconf 80' lang='lat' dir='ltr'><strong>Centum</strong></span> <span class='ocrx_word' id='word_1_160' title='bbox 395 3506 423 3551; x_wconf 92' lang='lat' dir='ltr'><strong>ct</strong></span> <span class='ocrx_word' id='word_1_161' title='bbox 437 3495 523 3551; x_wconf 88' lang='lat' dir='ltr'><strong>ierroa</strong></span> <span class='ocrx_word' id='word_1_162' title='bbox 537 3497 619 3551; x_wconf 83' lang='lat' dir='ltr'><strong>lasset</strong></span> <span class='ocrx_word' id='word_1_163' title='bbox 633 3510 681 3551; x_wconf 89' lang='lat' dir='ltr'><strong>ora</strong></span> <span class='ocrx_word' id='word_1_164' title='bbox 696 3496 783 3553; x_wconf 84' lang='lat' dir='ltr'><strong>laudo.</strong></span> 
     </span>
     <span class='ocr_line' id='line_1_36' title="bbox 265 3586 759 3659; baseline 0.002 -17"><span class='ocrx_word' id='word_1_165' title='bbox 265 3586 406 3652; x_wconf 85' lang='lat' dir='ltr'><strong>Constans,</strong></span> <span class='ocrx_word' id='word_1_166' title='bbox 422 3587 585 3655; x_wconf 72' lang='lat' dir='ltr'><strong>ingeniosus,</strong></span> <span class='ocrx_word' id='word_1_167' title='bbox 601 3587 759 3659; x_wconf 78' lang='lat' dir='ltr'><strong>cilicasque,</strong></span> 
     </span>
     <span class='ocr_line' id='line_1_37' title="bbox 265 3679 828 3753; baseline 0.004 -18"><span class='ocrx_word' id='word_1_168' title='bbox 265 3679 385 3735; x_wconf 84' lang='lat' dir='ltr'><strong>Prudens</strong></span> <span class='ocrx_word' id='word_1_169' title='bbox 397 3679 509 3746; x_wconf 86' lang='lat' dir='ltr'><strong>arbiter,</strong></span> <span class='ocrx_word' id='word_1_170' title='bbox 523 3680 637 3749; x_wconf 88' lang='lat' dir='ltr'><strong>optimus</strong></span> <span class='ocrx_word' id='word_1_171' title='bbox 653 3681 828 3753; x_wconf 83' lang='lat' dir='ltr'><strong>propinquus,</strong></span> 
     </span>
     <span class='ocr_line' id='line_1_38' title="bbox 265 3768 723 3840; baseline 0.002 -15"><span class='ocrx_word' id='word_1_172' title='bbox 265 3768 305 3825; x_wconf 83' lang='lat' dir='ltr'><strong>Nil</strong></span> <span class='ocrx_word' id='word_1_173' title='bbox 320 3769 449 3825; x_wconf 86' lang='lat' dir='ltr'><strong>iraudans</strong></span> <span class='ocrx_word' id='word_1_174' title='bbox 461 3769 532 3840; x_wconf 78' lang='lat' dir='ltr'><strong>qeuii</strong></span> <span class='ocrx_word' id='word_1_175' title='bbox 545 3770 597 3826; x_wconf 90' lang='lat' dir='ltr'><strong>sibi</strong></span> <span class='ocrx_word' id='word_1_176' title='bbox 609 3770 652 3826; x_wconf 85' lang='lat' dir='ltr'><strong>tel</strong></span> <span class='ocrx_word' id='word_1_177' title='bbox 667 3771 723 3840; x_wconf 91' lang='lat' dir='ltr'><strong>ulli,</strong></span> 
     </span>
     <span class='ocr_line' id='line_1_39' title="bbox 265 3858 750 3931; baseline 0.004 -17"><span class='ocrx_word' id='word_1_178' title='bbox 265 3858 407 3930; x_wconf 84' lang='lat' dir='ltr'><strong>Personas,</strong></span> <span class='ocrx_word' id='word_1_179' title='bbox 420 3861 477 3917; x_wconf 83' lang='lat' dir='ltr'><strong>loca</strong></span> <span class='ocrx_word' id='word_1_180' title='bbox 490 3869 596 3931; x_wconf 90' lang='lat' dir='ltr'><strong>tenipus</strong></span> <span class='ocrx_word' id='word_1_181' title='bbox 610 3861 750 3918; x_wconf 91' lang='lat' dir='ltr'><strong>intuendo.</strong></span> 
     </span>
    </p>

    <p class='ocr_par' dir='ltr' id='par_1_10' title="bbox 263 3952 795 4115">
     <span class='ocr_line' id='line_1_40' title="bbox 298 3952 795 4022; baseline 0.008 -15"><span class='ocrx_word' id='word_1_182' title='bbox 298 3952 352 4007; x_wconf 88' lang='lat' dir='ltr'><strong>Seu</strong></span> <span class='ocrx_word' id='word_1_183' title='bbox 367 3966 416 4006; x_wconf 91' lang='lat' dir='ltr'><strong>nos</strong></span> <span class='ocrx_word' id='word_1_184' title='bbox 427 3954 493 4007; x_wconf 84' lang='lat' dir='ltr'><strong>atila</strong></span> <span class='ocrx_word' id='word_1_185' title='bbox 505 3962 594 4008; x_wconf 85' lang='lat' dir='ltr'><strong>uestra</strong></span> <span class='ocrx_word' id='word_1_186' title='bbox 608 3953 795 4022; x_wconf 87' lang='lat' dir='ltr'><strong>continebant,</strong></span> 
     </span>
     <span class='ocr_line' id='line_1_41' title="bbox 263 4041 734 4115; baseline 0.002 -15"><span class='ocrx_word' id='word_1_187' title='bbox 263 4041 417 4100; x_wconf 83' lang='lat' dir='ltr'><strong>llarcclline</strong></span> <span class='ocrx_word' id='word_1_188' title='bbox 429 4056 516 4111; x_wconf 89' lang='lat' dir='ltr'><strong>meus,</strong></span> <span class='ocrx_word' id='word_1_189' title='bbox 532 4045 617 4115; x_wconf 88' lang='lat' dir='ltr'><strong>perite</strong></span> <span class='ocrx_word' id='word_1_190' title='bbox 629 4043 734 4115; x_wconf 75' lang='lat' dir='ltr'><strong>lequin3</strong></span> 
     </span>
    </p>
   </div>
   <div class='ocr_carea' id='block_1_9' title="bbox 897 360 1624 550">
    <p class='ocr_par' dir='ltr' id='par_1_11' title="bbox 897 360 1624 550">
     <span class='ocr_line' id='line_1_42' title="bbox 897 360 1266 431; baseline -0.005 -13"><span class='ocrx_word' id='word_1_191' title='bbox 897 360 1018 418; x_wconf 85' lang='lat' dir='ltr'><strong>slubtltl</strong></span> <span class='ocrx_word' id='word_1_192' title='bbox 1039 360 1266 431; x_wconf 74' lang='lat' dir='ltr'><strong>sPttLLlutllls</strong></span> 
     </span>
     <span class='ocr_line' id='line_1_43' title="bbox 1065 480 1624 550; baseline 0 -15"><span class='ocrx_word' id='word_1_193' title='bbox 1065 483 1094 543; x_wconf 73' lang='grc' dir='ltr'><strong>Α</strong></span> <span class='ocrx_word' id='word_1_194' title='bbox 1105 480 1155 548; x_wconf 81' lang='lat' dir='ltr'><strong>Qui</strong></span> <span class='ocrx_word' id='word_1_195' title='bbox 1170 496 1248 535; x_wconf 82' lang='lat' dir='ltr'><strong>verer</strong></span> <span class='ocrx_word' id='word_1_196' title='bbox 1265 481 1353 550; x_wconf 88' lang='lat' dir='ltr'><strong>nimis,</strong></span> <span class='ocrx_word' id='word_1_197' title='bbox 1368 489 1396 537; x_wconf 87' lang='lat' dir='ltr'><strong>el</strong></span> <span class='ocrx_word' id='word_1_198' title='bbox 1410 481 1488 537; x_wconf 90' lang='lat' dir='ltr'><strong>nimis</strong></span> <span class='ocrx_word' id='word_1_199' title='bbox 1503 494 1624 547; x_wconf 83' lang='lat' dir='ltr'><strong>seierus,</strong></span> 
     </span>
    </p>
   </div>
   <div class='ocr_carea' id='block_1_10' title="bbox 1106 574 1789 1012">
    <p class='ocr_par' dir='ltr' id='par_1_12' title="bbox 1107 574 1559 643">
     <span class='ocr_line' id='line_1_44' title="bbox 1107 574 1559 643; baseline -0.004 -14"><span class='ocrx_word' id='word_1_200' title='bbox 1107 580 1193 643; x_wconf 75' lang='lat' dir='ltr'><strong>Asper</strong></span> <span class='ocrx_word' id='word_1_201' title='bbox 1204 574 1323 630; x_wconf 88' lang='lat' dir='ltr'><strong>crederis</strong></span> <span class='ocrx_word' id='word_1_202' title='bbox 1333 588 1395 630; x_wconf 89' lang='lat' dir='ltr'><strong>esse</strong></span> <span class='ocrx_word' id='word_1_203' title='bbox 1408 574 1537 630; x_wconf 84' lang='lat' dir='ltr'><strong>nescienti</strong></span> <span class='ocrx_word' id='word_1_204' title='bbox 1551 590 1559 637; x_wconf 87' lang='lat'><em>;</em></span> 
     </span>
    </p>

    <p class='ocr_par' dir='ltr' id='par_1_13' title="bbox 1107 665 1583 737">
     <span class='ocr_line' id='line_1_45' title="bbox 1107 665 1583 737; baseline -0.004 -16"><span class='ocrx_word' id='word_1_205' title='bbox 1107 667 1141 721; x_wconf 86' lang='lat' dir='ltr'><strong>bt</strong></span> <span class='ocrx_word' id='word_1_206' title='bbox 1153 665 1176 721; x_wconf 90' lang='lat' dir='ltr'><strong>si</strong></span> <span class='ocrx_word' id='word_1_207' title='bbox 1189 674 1216 722; x_wconf 90' lang='lat' dir='ltr'><strong>te</strong></span> <span class='ocrx_word' id='word_1_208' title='bbox 1226 666 1295 722; x_wconf 89' lang='lat' dir='ltr'><strong>bens</strong></span> <span class='ocrx_word' id='word_1_209' title='bbox 1304 666 1435 737; x_wconf 88' lang='lat' dir='ltr'><strong>quispiam</strong></span> <span class='ocrx_word' id='word_1_210' title='bbox 1450 665 1583 734; x_wconf 88' lang='lat' dir='ltr'><strong>probauit,</strong></span> 
     </span>
    </p>

    <p class='ocr_par' dir='ltr' id='par_1_14' title="bbox 1106 755 1566 826">
     <span class='ocr_line' id='line_1_46' title="bbox 1106 755 1566 826; baseline -0.009 -15"><span class='ocrx_word' id='word_1_211' title='bbox 1106 755 1199 811; x_wconf 84' lang='lat' dir='ltr'><strong>Noseit</strong></span> <span class='ocrx_word' id='word_1_212' title='bbox 1210 755 1273 825; x_wconf 92' lang='lat' dir='ltr'><strong>quid</strong></span> <span class='ocrx_word' id='word_1_213' title='bbox 1285 756 1349 812; x_wconf 82' lang='lat' dir='ltr'><strong>velit</strong></span> <span class='ocrx_word' id='word_1_214' title='bbox 1363 757 1421 826; x_wconf 89' lang='lat' dir='ltr'><strong>ipse</strong></span> <span class='ocrx_word' id='word_1_215' title='bbox 1433 755 1566 825; x_wconf 72' lang='lat' dir='ltr'><strong>iudicare.</strong></span> 
     </span>
    </p>

    <p class='ocr_par' dir='ltr' id='par_1_15' title="bbox 1106 847 1789 1012">
     <span class='ocr_line' id='line_1_47' title="bbox 1107 847 1789 920; baseline -0.004 -16"><span class='ocrx_word' id='word_1_216' title='bbox 1107 848 1173 905; x_wconf 81' lang='lat' dir='ltr'><strong>bam</strong></span> <span class='ocrx_word' id='word_1_217' title='bbox 1188 863 1320 919; x_wconf 82' lang='lat' dir='ltr'><strong>iiuiiquarn</strong></span> <span class='ocrx_word' id='word_1_218' title='bbox 1335 849 1432 905; x_wconf 89' lang='lat' dir='ltr'><strong>metuis</strong></span> <span class='ocrx_word' id='word_1_219' title='bbox 1444 848 1516 920; x_wconf 89' lang='lat' dir='ltr'><strong>loqui</strong></span> <span class='ocrx_word' id='word_1_220' title='bbox 1530 847 1601 919; x_wconf 93' lang='lat' dir='ltr'><strong>quod</strong></span> <span class='ocrx_word' id='word_1_221' title='bbox 1616 862 1722 918; x_wconf 72' lang='lat' dir='ltr'><strong>aequum</strong></span> <span class='ocrx_word' id='word_1_222' title='bbox 1736 856 1789 914; x_wconf 89' lang='lat' dir='ltr'><strong>est,</strong></span> 
     </span>
     <span class='ocr_line' id='line_1_48' title="bbox 1106 939 1645 1012; baseline 0 -15"><span class='ocrx_word' id='word_1_223' title='bbox 1106 940 1136 997; x_wconf 88' lang='lat' dir='ltr'><strong>Si</strong></span> <span class='ocrx_word' id='word_1_224' title='bbox 1150 950 1177 996; x_wconf 88' lang='lat' dir='ltr'><strong>te</strong></span> <span class='ocrx_word' id='word_1_225' title='bbox 1187 940 1258 1008; x_wconf 76' lang='lat' dir='ltr'><strong>Silla</strong></span> <span class='ocrx_word' id='word_1_226' title='bbox 1273 950 1387 1011; x_wconf 89' lang='lat' dir='ltr'><strong>premat,</strong></span> <span class='ocrx_word' id='word_1_227' title='bbox 1400 940 1525 1012; x_wconf 79' lang='lat' dir='ltr'><strong>ferosque</strong></span> <span class='ocrx_word' id='word_1_228' title='bbox 1535 939 1624 997; x_wconf 85' lang='lat' dir='ltr'><strong>Carbo</strong></span> <span class='ocrx_word' id='word_1_229' title='bbox 1638 956 1645 1006; x_wconf 77' lang='grc' dir='ltr'>ς</span> 
     </span>
    </p>
   </div>
   <div class='ocr_carea' id='block_1_11' title="bbox 999 1031 1608 1104">
    <p class='ocr_par' dir='ltr' id='par_1_16' title="bbox 999 1031 1608 1104">
     <span class='ocr_line' id='line_1_49' title="bbox 999 1031 1608 1104; baseline 0.003 -17"><span class='ocrx_word' id='word_1_230' title='bbox 999 1034 1002 1043; x_wconf 86' lang='grc'>’</span> <span class='ocrx_word' id='word_1_231' title='bbox 1106 1031 1135 1088; x_wconf 85' lang='lat' dir='ltr'><strong>st</strong></span> <span class='ocrx_word' id='word_1_232' title='bbox 1150 1031 1239 1088; x_wconf 88' lang='lat' dir='ltr'><strong>tristes</strong></span> <span class='ocrx_word' id='word_1_233' title='bbox 1253 1032 1338 1098; x_wconf 90' lang='lat' dir='ltr'><strong>llarii,</strong></span> <span class='ocrx_word' id='word_1_234' title='bbox 1352 1040 1494 1104; x_wconf 88' lang='lat' dir='ltr'><strong>trucesque</strong></span> <span class='ocrx_word' id='word_1_235' title='bbox 1505 1031 1608 1097; x_wconf 73' lang='lat' dir='ltr'><strong>Cinnae,</strong></span> 
     </span>
    </p>
   </div>
   <div class='ocr_carea' id='block_1_12' title="bbox 1105 1123 1647 1832">
    <p class='ocr_par' dir='ltr' id='par_1_17' title="bbox 1105 1123 1647 1832">
     <span class='ocr_line' id='line_1_50' title="bbox 1106 1123 1575 1195; baseline 0 -15"><span class='ocrx_word' id='word_1_236' title='bbox 1106 1123 1141 1180; x_wconf 82' lang='lat' dir='ltr'><strong>lit</strong></span> <span class='ocrx_word' id='word_1_237' title='bbox 1154 1124 1176 1177; x_wconf 83' lang='lat' dir='ltr'><strong>si</strong></span> <span class='ocrx_word' id='word_1_238' title='bbox 1190 1123 1258 1179; x_wconf 91' lang='lat' dir='ltr'><strong>inrte</strong></span> <span class='ocrx_word' id='word_1_239' title='bbox 1273 1131 1346 1179; x_wconf 88' lang='lat' dir='ltr'><strong>tuum</strong></span> <span class='ocrx_word' id='word_1_240' title='bbox 1360 1131 1440 1195; x_wconf 85' lang='lat' dir='ltr'><strong>eaput</strong></span> <span class='ocrx_word' id='word_1_241' title='bbox 1453 1124 1575 1195; x_wconf 90' lang='lat' dir='ltr'><strong>latusque</strong></span> 
     </span>
     <span class='ocr_line' id='line_1_51' title="bbox 1108 1213 1590 1285; baseline 0 -15"><span class='ocrx_word' id='word_1_242' title='bbox 1108 1213 1289 1271; x_wconf 82' lang='lat' dir='ltr'><strong>circumstent</strong></span> <span class='ocrx_word' id='word_1_243' title='bbox 1302 1214 1385 1285; x_wconf 78' lang='lat' dir='ltr'><strong>qlsdil</strong></span> <span class='ocrx_word' id='word_1_244' title='bbox 1400 1215 1590 1272; x_wconf 77' lang='lat' dir='ltr'><strong>triumvirales.</strong></span> 
     </span>
     <span class='ocr_line' id='line_1_52' title="bbox 1141 1304 1637 1377; baseline 0 -14"><span class='ocrx_word' id='word_1_245' title='bbox 1141 1306 1194 1363; x_wconf 82' lang='lat' dir='ltr'><strong>sni</strong></span> <span class='ocrx_word' id='word_1_246' title='bbox 1207 1319 1256 1362; x_wconf 89' lang='lat' dir='ltr'><strong>nos</strong></span> <span class='ocrx_word' id='word_1_247' title='bbox 1269 1304 1391 1377; x_wconf 88' lang='lat' dir='ltr'><strong>Limpidli</strong></span> <span class='ocrx_word' id='word_1_248' title='bbox 1405 1306 1476 1362; x_wconf 88' lang='lat' dir='ltr'><strong>larus</strong></span> <span class='ocrx_word' id='word_1_249' title='bbox 1491 1306 1637 1372; x_wconf 86' lang='lat' dir='ltr'><strong>liabebaut,</strong></span> 
     </span>
     <span class='ocr_line' id='line_1_53' title="bbox 1106 1396 1574 1478; baseline -0.004 -24"><span class='ocrx_word' id='word_1_250' title='bbox 1106 1398 1178 1478; x_wconf 83' lang='lat' dir='ltr'><strong>Citis</strong></span> <span class='ocrx_word' id='word_1_251' title='bbox 1188 1396 1334 1469; x_wconf 68' lang='lat' dir='ltr'><strong>magnidci,</strong></span> <span class='ocrx_word' id='word_1_252' title='bbox 1349 1397 1452 1467; x_wconf 83' lang='lat' dir='ltr'><strong>ibique</strong></span> <span class='ocrx_word' id='word_1_253' title='bbox 1464 1397 1574 1463; x_wconf 93' lang='lat' dir='ltr'><strong>sumini,</strong></span> 
     </span>
     <span class='ocr_line' id='line_1_54' title="bbox 1106 1487 1647 1560; baseline 0.004 -15"><span class='ocrx_word' id='word_1_254' title='bbox 1106 1488 1262 1547; x_wconf 77' lang='lat' dir='ltr'><strong>P&#39;rateruam</strong></span> <span class='ocrx_word' id='word_1_255' title='bbox 1274 1489 1342 1545; x_wconf 90' lang='lat' dir='ltr'><strong>beite</strong></span> <span class='ocrx_word' id='word_1_256' title='bbox 1355 1487 1474 1559; x_wconf 77' lang='lat' dir='ltr'><strong>requiam</strong></span> <span class='ocrx_word' id='word_1_257' title='bbox 1488 1488 1626 1560; x_wconf 86' lang='lat' dir='ltr'><strong>sequentis</strong></span> <span class='ocrx_word' id='word_1_258' title='bbox 1638 1506 1647 1557; x_wconf 89' lang='grc'><strong>;</strong></span> 
     </span>
     <span class='ocr_line' id='line_1_55' title="bbox 1107 1577 1545 1637; baseline -0.009 0"><span class='ocrx_word' id='word_1_259' title='bbox 1107 1580 1162 1637; x_wconf 87' lang='lat' dir='ltr'><strong>Seu</strong></span> <span class='ocrx_word' id='word_1_260' title='bbox 1176 1593 1226 1635; x_wconf 91' lang='lat' dir='ltr'><strong>nos</strong></span> <span class='ocrx_word' id='word_1_261' title='bbox 1234 1578 1326 1635; x_wconf 81' lang='lat' dir='ltr'><strong>eximii</strong></span> <span class='ocrx_word' id='word_1_262' title='bbox 1340 1578 1420 1634; x_wconf 88' lang='lat' dir='ltr'><strong>simul</strong></span> <span class='ocrx_word' id='word_1_263' title='bbox 1434 1577 1545 1636; x_wconf 82' lang='lat' dir='ltr'><strong>tenebat</strong></span> 
     </span>
     <span class='ocr_line' id='line_1_56' title="bbox 1105 1662 1507 1744; baseline -0.002 -17"><span class='ocrx_word' id='word_1_264' title='bbox 1105 1670 1221 1728; x_wconf 88' lang='lat' dir='ltr'><strong>Necteits</strong></span> <span class='ocrx_word' id='word_1_265' title='bbox 1232 1671 1394 1744; x_wconf 87' lang='lat' dir='ltr'><strong>olllciositas</strong></span> <span class='ocrx_word' id='word_1_266' title='bbox 1401 1662 1507 1737; x_wconf 82' lang='lat' dir='ltr'><strong>ilarini,</strong></span> 
     </span>
     <span class='ocr_line' id='line_1_57' title="bbox 1105 1760 1518 1832; baseline -0.002 -16"><span class='ocrx_word' id='word_1_267' title='bbox 1105 1762 1187 1832; x_wconf 83' lang='lat' dir='ltr'><strong>cnjin</strong></span> <span class='ocrx_word' id='word_1_268' title='bbox 1200 1761 1330 1819; x_wconf 82' lang='lat' dir='ltr'><strong>sedulitas</strong></span> <span class='ocrx_word' id='word_1_269' title='bbox 1339 1760 1518 1832; x_wconf 88' lang='lat' dir='ltr'><strong>sodalitasque</strong></span> 
     </span>
    </p>
   </div>
   <div class='ocr_carea' id='block_1_13' title="bbox 1067 1839 1614 1920">
    <p class='ocr_par' dir='ltr' id='par_1_18' title="bbox 1067 1839 1614 1920">
     <span class='ocr_line' id='line_1_58' title="bbox 1067 1839 1614 1920; baseline -0.007 -6"><span class='ocrx_word' id='word_1_270' title='bbox 1067 1839 1217 1914; x_wconf 71' lang='lat' dir='ltr'><strong>BAEterna</strong></span> <span class='ocrx_word' id='word_1_271' title='bbox 1232 1855 1296 1911; x_wconf 92' lang='lat' dir='ltr'><strong>mibi</strong></span> <span class='ocrx_word' id='word_1_272' title='bbox 1309 1854 1388 1911; x_wconf 86' lang='lat' dir='ltr'><strong>laude</strong></span> <span class='ocrx_word' id='word_1_273' title='bbox 1402 1864 1465 1911; x_wconf 91' lang='lat' dir='ltr'><strong>sunt</strong></span> <span class='ocrx_word' id='word_1_274' title='bbox 1475 1850 1614 1920; x_wconf 85' lang='lat' dir='ltr'><strong>colendte;</strong></span> 
     </span>
    </p>
   </div>
   <div class='ocr_carea' id='block_1_14' title="bbox 1101 1942 1812 3200">
    <p class='ocr_par' dir='ltr' id='par_1_19' title="bbox 1105 1942 1738 2197">
     <span class='ocr_line' id='line_1_59' title="bbox 1105 1942 1738 2019; baseline 0.002 -17"><span class='ocrx_word' id='word_1_275' title='bbox 1105 1945 1187 2019; x_wconf 63' lang='lat' dir='ltr'><strong>{plis</strong></span> <span class='ocrx_word' id='word_1_276' title='bbox 1200 1946 1254 2002; x_wconf 90' lang='lat' dir='ltr'><strong>Seu</strong></span> <span class='ocrx_word' id='word_1_277' title='bbox 1270 1959 1443 2017; x_wconf 84' lang='lat' dir='ltr'><strong>quoscunque</strong></span> <span class='ocrx_word' id='word_1_278' title='bbox 1457 1944 1525 1999; x_wconf 83' lang='lat' dir='ltr'><strong>alios</strong></span> <span class='ocrx_word' id='word_1_279' title='bbox 1539 1943 1629 2001; x_wconf 83' lang='lat' dir='ltr'><strong>ridere</strong></span> <span class='ocrx_word' id='word_1_280' title='bbox 1642 1942 1738 2003; x_wconf 84' lang='lat' dir='ltr'><strong>iratres</strong></span> 
     </span>
     <span class='ocr_line' id='line_1_60' title="bbox 1105 2033 1736 2106; baseline -0.005 -14"><span class='ocrx_word' id='word_1_281' title='bbox 1105 2035 1187 2093; x_wconf 87' lang='lat' dir='ltr'><strong>Cordi</strong></span> <span class='ocrx_word' id='word_1_282' title='bbox 1202 2036 1306 2105; x_wconf 85' lang='lat' dir='ltr'><strong>utrique</strong></span> <span class='ocrx_word' id='word_1_283' title='bbox 1320 2035 1379 2104; x_wconf 87' lang='lat' dir='ltr'><strong>luit,</strong></span> <span class='ocrx_word' id='word_1_284' title='bbox 1394 2033 1490 2106; x_wconf 89' lang='lat' dir='ltr'><strong>quibus</strong></span> <span class='ocrx_word' id='word_1_285' title='bbox 1505 2046 1615 2091; x_wconf 78' lang='lat' dir='ltr'><strong>vacasse</strong></span> <span class='ocrx_word' id='word_1_286' title='bbox 1731 2096 1736 2103; x_wconf 21' lang='lat'><em>⁴</em></span> 
     </span>
     <span class='ocr_line' id='line_1_61' title="bbox 1106 2125 1583 2197; baseline -0.008 -13"><span class='ocrx_word' id='word_1_287' title='bbox 1106 2127 1279 2184; x_wconf 86' lang='lat' dir='ltr'><strong>Laiideiidam</strong></span> <span class='ocrx_word' id='word_1_288' title='bbox 1294 2142 1356 2183; x_wconf 90' lang='lat' dir='ltr'><strong>rcor</strong></span> <span class='ocrx_word' id='word_1_289' title='bbox 1369 2125 1583 2197; x_wconf 86' lang='lat' dir='ltr'><strong>occupationem.</strong></span> 
     </span>
    </p>

    <p class='ocr_par' dir='ltr' id='par_1_20' title="bbox 1106 2214 1610 2380">
     <span class='ocr_line' id='line_1_62' title="bbox 1106 2214 1610 2276; baseline -0.008 0"><span class='ocrx_word' id='word_1_290' title='bbox 1106 2220 1206 2276; x_wconf 90' lang='lat' dir='ltr'><strong>lloruin</strong></span> <span class='ocrx_word' id='word_1_291' title='bbox 1221 2217 1330 2273; x_wconf 90' lang='lat' dir='ltr'><strong>nomina</strong></span> <span class='ocrx_word' id='word_1_292' title='bbox 1345 2232 1405 2273; x_wconf 89' lang='lat' dir='ltr'><strong>curn</strong></span> <span class='ocrx_word' id='word_1_293' title='bbox 1419 2214 1520 2272; x_wconf 80' lang='lat' dir='ltr'><strong>referre</strong></span> <span class='ocrx_word' id='word_1_294' title='bbox 1530 2231 1610 2272; x_wconf 80' lang='lat' dir='ltr'><strong>uersu</strong></span> 
     </span>
     <span class='ocr_line' id='line_1_63' title="bbox 1106 2311 1601 2380; baseline -0.004 -12"><span class='ocrx_word' id='word_1_295' title='bbox 1106 2311 1225 2368; x_wconf 79' lang='lat' dir='ltr'><strong>Allectus</strong></span> <span class='ocrx_word' id='word_1_296' title='bbox 1237 2311 1337 2380; x_wconf 89' lang='lat' dir='ltr'><strong>cupiat,</strong></span> <span class='ocrx_word' id='word_1_297' title='bbox 1355 2316 1469 2365; x_wconf 87' lang='lat' dir='ltr'><strong>metium</strong></span> <span class='ocrx_word' id='word_1_298' title='bbox 1484 2319 1601 2366; x_wconf 75' lang='lat' dir='ltr'><strong>mensas.</strong></span> 
     </span>
    </p>

    <p class='ocr_par' dir='ltr' id='par_1_21' title="bbox 1105 2393 1812 2836">
     <span class='ocr_line' id='line_1_64' title="bbox 1106 2393 1812 2470; baseline 0.001 -13"><span class='ocrx_word' id='word_1_299' title='bbox 1106 2393 1107 2396; x_wconf 66' lang='grc'>’</span> <span class='ocrx_word' id='word_1_300' title='bbox 1142 2400 1210 2457; x_wconf 87' lang='lat' dir='ltr'><strong>lllne</strong></span> <span class='ocrx_word' id='word_1_301' title='bbox 1223 2415 1274 2456; x_wconf 92' lang='lat' dir='ltr'><strong>nos</strong></span> <span class='ocrx_word' id='word_1_302' title='bbox 1286 2400 1320 2455; x_wconf 90' lang='lat' dir='ltr'><strong>ad</strong></span> <span class='ocrx_word' id='word_1_303' title='bbox 1334 2401 1470 2470; x_wconf 87' lang='lat' dir='ltr'><strong>propriam</strong></span> <span class='ocrx_word' id='word_1_304' title='bbox 1483 2399 1592 2455; x_wconf 87' lang='lat' dir='ltr'><strong>domum</strong></span> <span class='ocrx_word' id='word_1_305' title='bbox 1607 2397 1732 2469; x_wconf 81' lang='lat' dir='ltr'><strong>vocabas,</strong></span> <span class='ocrx_word' id='word_1_306' title='bbox 1809 2450 1812 2461; x_wconf 90' lang='lat'>.</span> 
     </span>
     <span class='ocr_line' id='line_1_65' title="bbox 1105 2488 1700 2556; baseline 0.003 -9"><span class='ocrx_word' id='word_1_307' title='bbox 1105 2494 1172 2547; x_wconf 84' lang='lat' dir='ltr'><strong>Cum</strong></span> <span class='ocrx_word' id='word_1_308' title='bbox 1188 2504 1266 2547; x_wconf 91' lang='lat' dir='ltr'><strong>mane</strong></span> <span class='ocrx_word' id='word_1_309' title='bbox 1278 2489 1380 2546; x_wconf 83' lang='lat' dir='ltr'><strong>exierat</strong></span> <span class='ocrx_word' id='word_1_310' title='bbox 1393 2492 1506 2556; x_wconf 88' lang='lat' dir='ltr'><strong>nouum,</strong></span> <span class='ocrx_word' id='word_1_311' title='bbox 1521 2497 1551 2546; x_wconf 92' lang='lat' dir='ltr'><strong>et</strong></span> <span class='ocrx_word' id='word_1_312' title='bbox 1563 2488 1700 2549; x_wconf 78' lang='lat' dir='ltr'><strong>calescens</strong></span> 
     </span>
     <span class='ocr_line' id='line_1_66' title="bbox 1106 2574 1653 2641; baseline -0.005 -1"><span class='ocrx_word' id='word_1_313' title='bbox 1106 2574 1205 2641; x_wconf 85' lang='lat' dir='ltr'><strong>liorani</strong></span> <span class='ocrx_word' id='word_1_314' title='bbox 1218 2584 1258 2640; x_wconf 87' lang='lat' dir='ltr'><strong>acl</strong></span> <span class='ocrx_word' id='word_1_315' title='bbox 1273 2582 1354 2639; x_wconf 89' lang='lat' dir='ltr'><strong>dabat</strong></span> <span class='ocrx_word' id='word_1_316' title='bbox 1367 2582 1479 2640; x_wconf 87' lang='lat' dir='ltr'><strong>allerarn</strong></span> <span class='ocrx_word' id='word_1_317' title='bbox 1495 2581 1653 2639; x_wconf 82' lang='lat' dir='ltr'><strong>secundam.</strong></span> 
     </span>
     <span class='ocr_line' id='line_1_67' title="bbox 1107 2674 1660 2747; baseline -0.002 -16"><span class='ocrx_word' id='word_1_318' title='bbox 1107 2676 1155 2733; x_wconf 91' lang='lat' dir='ltr'><strong>llic</strong></span> <span class='ocrx_word' id='word_1_319' title='bbox 1166 2689 1291 2747; x_wconf 89' lang='lat' dir='ltr'><strong>promens</strong></span> <span class='ocrx_word' id='word_1_320' title='bbox 1303 2680 1405 2732; x_wconf 85' lang='lat' dir='ltr'><strong>teretes</strong></span> <span class='ocrx_word' id='word_1_321' title='bbox 1414 2675 1480 2745; x_wconf 89' lang='lat' dir='ltr'><strong>pllas</strong></span> <span class='ocrx_word' id='word_1_322' title='bbox 1490 2674 1660 2746; x_wconf 86' lang='lat' dir='ltr'><strong>troeboaque,</strong></span> 
     </span>
     <span class='ocr_line' id='line_1_68' title="bbox 1107 2751 1565 2836; baseline -0.004 -13"><span class='ocrx_word' id='word_1_323' title='bbox 1107 2768 1156 2823; x_wconf 83' lang='lat' dir='ltr'><strong>ilie</strong></span> <span class='ocrx_word' id='word_1_324' title='bbox 1171 2767 1238 2823; x_wconf 89' lang='lat' dir='ltr'><strong>talos</strong></span> <span class='ocrx_word' id='word_1_325' title='bbox 1250 2751 1443 2836; x_wconf 86' lang='lat' dir='ltr'><strong>crepitantibus</strong></span> <span class='ocrx_word' id='word_1_326' title='bbox 1455 2764 1565 2832; x_wconf 78' lang='lat' dir='ltr'><strong>fritillis,</strong></span> 
     </span>
    </p>

    <p class='ocr_par' dir='ltr' id='par_1_22' title="bbox 1106 2842 1643 3097">
     <span class='ocr_line' id='line_1_69' title="bbox 1106 2842 1634 2921; baseline -0.004 -7"><span class='ocrx_word' id='word_1_327' title='bbox 1106 2842 1164 2915; x_wconf 82' lang='lat' dir='ltr'><strong>llos</strong></span> <span class='ocrx_word' id='word_1_328' title='bbox 1174 2857 1208 2913; x_wconf 90' lang='lat' dir='ltr'><strong>nd</strong></span> <span class='ocrx_word' id='word_1_329' title='bbox 1222 2857 1333 2914; x_wconf 85' lang='lat' dir='ltr'><strong>uerbera</strong></span> <span class='ocrx_word' id='word_1_330' title='bbox 1345 2866 1476 2913; x_wconf 89' lang='lat' dir='ltr'><strong>tractuum</strong></span> <span class='ocrx_word' id='word_1_331' title='bbox 1490 2866 1634 2921; x_wconf 85' lang='lat' dir='ltr'><strong>struentes,</strong></span> 
     </span>
     <span class='ocr_line' id='line_1_70' title="bbox 1107 2947 1643 3022; baseline 0.002 -16"><span class='ocrx_word' id='word_1_332' title='bbox 1107 2951 1244 3022; x_wconf 85' lang='lat' dir='ltr'><strong>&#39;lnnqiiam</strong></span> <span class='ocrx_word' id='word_1_333' title='bbox 1258 2948 1418 3018; x_wconf 84' lang='lat' dir='ltr'><strong>Naupliades</strong></span> <span class='ocrx_word' id='word_1_334' title='bbox 1431 2955 1553 3018; x_wconf 89' lang='lat' dir='ltr'><strong>repertor</strong></span> <span class='ocrx_word' id='word_1_335' title='bbox 1565 2947 1643 3016; x_wconf 80' lang='lat' dir='ltr'><strong>arbit,</strong></span> 
     </span>
     <span class='ocr_line' id='line_1_71' title="bbox 1109 3038 1572 3097; baseline -0.011 0"><span class='ocrx_word' id='word_1_336' title='bbox 1109 3040 1249 3097; x_wconf 84' lang='lat' dir='ltr'><strong>Gaudebas</strong></span> <span class='ocrx_word' id='word_1_337' title='bbox 1263 3039 1374 3094; x_wconf 90' lang='lat' dir='ltr'><strong>bilarem</strong></span> <span class='ocrx_word' id='word_1_338' title='bbox 1389 3038 1462 3094; x_wconf 85' lang='lat' dir='ltr'><strong>ciere</strong></span> <span class='ocrx_word' id='word_1_339' title='bbox 1477 3040 1572 3095; x_wconf 85' lang='lat' dir='ltr'><strong>riiain.</strong></span> 
     </span>
    </p>

    <p class='ocr_par' dir='ltr' id='par_1_23' title="bbox 1101 3129 1574 3200">
     <span class='ocr_line' id='line_1_72' title="bbox 1101 3129 1574 3200; baseline -0.013 -11"><span class='ocrx_word' id='word_1_340' title='bbox 1101 3133 1174 3195; x_wconf 72' lang='lat' dir='ltr'><strong>,ilinc</strong></span> <span class='ocrx_word' id='word_1_341' title='bbox 1188 3131 1221 3188; x_wconf 89' lang='lat' dir='ltr'><strong>nd</strong></span> <span class='ocrx_word' id='word_1_342' title='bbox 1237 3133 1329 3188; x_wconf 84' lang='lat' dir='ltr'><strong>balnea</strong></span> <span class='ocrx_word' id='word_1_343' title='bbox 1344 3147 1397 3187; x_wconf 91' lang='lat' dir='ltr'><strong>uon</strong></span> <span class='ocrx_word' id='word_1_344' title='bbox 1413 3129 1574 3200; x_wconf 85' lang='lat' dir='ltr'><strong>Neroniana,</strong></span> 
     </span>
    </p>
   </div>
   <div class='ocr_carea' id='block_1_15' title="bbox 1067 3209 1664 3299">
    <p class='ocr_par' dir='ltr' id='par_1_24' title="bbox 1067 3209 1664 3299">
     <span class='ocr_line' id='line_1_73' title="bbox 1067 3209 1664 3299; baseline 0.013 -25"><span class='ocrx_word' id='word_1_345' title='bbox 1067 3209 1091 3274; x_wconf 86' lang='lat' dir='ltr'>C</span> <span class='ocrx_word' id='word_1_346' title='bbox 1106 3226 1162 3283; x_wconf 82' lang='lat' dir='ltr'><strong>Nec</strong></span> <span class='ocrx_word' id='word_1_347' title='bbox 1174 3226 1234 3299; x_wconf 77' lang='lat' dir='ltr'><strong>qu&#39;ae</strong></span> <span class='ocrx_word' id='word_1_348' title='bbox 1249 3226 1363 3296; x_wconf 73' lang='lat' dir='ltr'><strong>Agrippa</strong></span> <span class='ocrx_word' id='word_1_349' title='bbox 1377 3223 1462 3294; x_wconf 84' lang='lat' dir='ltr'><strong>dedit,</strong></span> <span class='ocrx_word' id='word_1_350' title='bbox 1473 3225 1518 3283; x_wconf 72' lang='lat' dir='ltr'><strong>iel</strong></span> <span class='ocrx_word' id='word_1_351' title='bbox 1530 3224 1576 3281; x_wconf 86' lang='lat' dir='ltr'><strong>ille</strong></span> <span class='ocrx_word' id='word_1_352' title='bbox 1588 3222 1664 3297; x_wconf 78' lang='lat' dir='ltr'><strong>cujus</strong></span> 
     </span>
    </p>
   </div>
   <div class='ocr_carea' id='block_1_16' title="bbox 1103 3306 1718 3661">
    <p class='ocr_par' dir='ltr' id='par_1_25' title="bbox 1104 3306 1629 3376">
     <span class='ocr_line' id='line_1_74' title="bbox 1104 3306 1629 3376; baseline -0.01 0"><span class='ocrx_word' id='word_1_353' title='bbox 1104 3306 1216 3376; x_wconf 84' lang='lat' dir='ltr'><strong>Bustuni</strong></span> <span class='ocrx_word' id='word_1_354' title='bbox 1230 3308 1382 3374; x_wconf 74' lang='lat' dir='ltr'><strong>Dalmatica</strong></span> <span class='ocrx_word' id='word_1_355' title='bbox 1396 3317 1487 3373; x_wconf 86' lang='lat' dir='ltr'><strong>vident</strong></span> <span class='ocrx_word' id='word_1_356' title='bbox 1499 3317 1607 3374; x_wconf 74' lang='lat' dir='ltr'><strong>Salonas</strong></span> <span class='ocrx_word' id='word_1_357' title='bbox 1622 3334 1629 3371; x_wconf 90' lang='grc'>;</span> 
     </span>
    </p>

    <p class='ocr_par' dir='ltr' id='par_1_26' title="bbox 1103 3405 1718 3567">
     <span class='ocr_line' id='line_1_75' title="bbox 1103 3405 1718 3479; baseline -0.007 -13"><span class='ocrx_word' id='word_1_358' title='bbox 1103 3409 1145 3466; x_wconf 82' lang='lat' dir='ltr'><strong>ud</strong></span> <span class='ocrx_word' id='word_1_359' title='bbox 1158 3410 1276 3464; x_wconf 88' lang='lat' dir='ltr'><strong>tltermas</strong></span> <span class='ocrx_word' id='word_1_360' title='bbox 1291 3417 1380 3464; x_wconf 89' lang='lat' dir='ltr'><strong>tamen</strong></span> <span class='ocrx_word' id='word_1_361' title='bbox 1392 3405 1488 3463; x_wconf 89' lang='lat' dir='ltr'><strong>ircsod</strong></span> <span class='ocrx_word' id='word_1_362' title='bbox 1503 3406 1613 3474; x_wconf 84' lang='lat' dir='ltr'><strong>libebat,</strong></span> <span class='ocrx_word' id='word_1_363' title='bbox 1715 3474 1718 3479; x_wconf 10' lang='grc' dir='ltr'><em>Α</em></span> 
     </span>
     <span class='ocr_line' id='line_1_76' title="bbox 1104 3495 1553 3567; baseline -0.007 -12"><span class='ocrx_word' id='word_1_364' title='bbox 1104 3498 1213 3555; x_wconf 83' lang='lat' dir='ltr'><strong>Privato</strong></span> <span class='ocrx_word' id='word_1_365' title='bbox 1226 3498 1294 3553; x_wconf 90' lang='lat' dir='ltr'><strong>bene</strong></span> <span class='ocrx_word' id='word_1_366' title='bbox 1308 3497 1433 3567; x_wconf 82' lang='lat' dir='ltr'><strong>potabitas</strong></span> <span class='ocrx_word' id='word_1_367' title='bbox 1448 3495 1553 3566; x_wconf 89' lang='lat' dir='ltr'><strong>pudori.</strong></span> 
     </span>
    </p>

    <p class='ocr_par' dir='ltr' id='par_1_27' title="bbox 1104 3588 1646 3661">
     <span class='ocr_line' id='line_1_77' title="bbox 1104 3588 1646 3661; baseline -0.002 -16"><span class='ocrx_word' id='word_1_368' title='bbox 1104 3588 1171 3645; x_wconf 85' lang='lat' dir='ltr'><strong>Post</strong></span> <span class='ocrx_word' id='word_1_369' title='bbox 1180 3603 1247 3661; x_wconf 85' lang='lat' dir='ltr'><strong>quas</strong></span> <span class='ocrx_word' id='word_1_370' title='bbox 1259 3603 1309 3645; x_wconf 93' lang='lat' dir='ltr'><strong>nns</strong></span> <span class='ocrx_word' id='word_1_371' title='bbox 1323 3599 1366 3644; x_wconf 85' lang='lat' dir='ltr'><strong>tus</strong></span> <span class='ocrx_word' id='word_1_372' title='bbox 1382 3589 1487 3658; x_wconf 87' lang='lat' dir='ltr'><strong>poeula,</strong></span> <span class='ocrx_word' id='word_1_373' title='bbox 1501 3596 1529 3644; x_wconf 91' lang='lat' dir='ltr'><strong>et</strong></span> <span class='ocrx_word' id='word_1_374' title='bbox 1541 3596 1646 3644; x_wconf 88' lang='lat' dir='ltr'><strong>tuarum</strong></span> 
     </span>
    </p>
   </div>
   <div class='ocr_carea' id='block_1_17' title="bbox 1066 3678 1600 3739">
    <p class='ocr_par' dir='ltr' id='par_1_28' title="bbox 1066 3678 1600 3739">
     <span class='ocr_line' id='line_1_78' title="bbox 1066 3678 1600 3739; baseline -0.009 0"><span class='ocrx_word' id='word_1_375' title='bbox 1066 3732 1070 3739; x_wconf 92' lang='lat'><em>.</em></span> <span class='ocrx_word' id='word_1_376' title='bbox 1103 3682 1239 3739; x_wconf 87' lang='lat' dir='ltr'><strong>blusamui</strong></span> <span class='ocrx_word' id='word_1_377' title='bbox 1258 3680 1363 3737; x_wconf 88' lang='lat' dir='ltr'><strong>medius</strong></span> <span class='ocrx_word' id='word_1_378' title='bbox 1378 3689 1454 3736; x_wconf 90' lang='lat' dir='ltr'><strong>torus</strong></span> <span class='ocrx_word' id='word_1_379' title='bbox 1469 3678 1576 3736; x_wconf 85' lang='lat' dir='ltr'><strong>tenebat</strong></span> <span class='ocrx_word' id='word_1_380' title='bbox 1592 3696 1600 3734; x_wconf 73' lang='grc' dir='ltr'><strong>ι</strong></span> 
     </span>
    </p>
   </div>
   <div class='ocr_carea' id='block_1_18' title="bbox 1104 3760 1678 4028">
    <p class='ocr_par' dir='ltr' id='par_1_29' title="bbox 1104 3760 1678 4028">
     <span class='ocr_line' id='line_1_79' title="bbox 1104 3760 1591 3845; baseline -0.01 -13"><span class='ocrx_word' id='word_1_381' title='bbox 1104 3774 1203 3845; x_wconf 82' lang='lat' dir='ltr'><strong>Quales</strong></span> <span class='ocrx_word' id='word_1_382' title='bbox 1217 3787 1267 3830; x_wconf 91' lang='lat' dir='ltr'><strong>nee</strong></span> <span class='ocrx_word' id='word_1_383' title='bbox 1281 3782 1382 3829; x_wconf 77' lang='lat' dir='ltr'><strong>suiuus</strong></span> <span class='ocrx_word' id='word_1_384' title='bbox 1397 3760 1591 3844; x_wconf 68' lang='lat' dir='ltr'><strong>imaginesque,</strong></span> 
     </span>
     <span class='ocr_line' id='line_1_80' title="bbox 1104 3866 1646 3937; baseline -0.011 -10"><span class='ocrx_word' id='word_1_385' title='bbox 1104 3867 1182 3937; x_wconf 79' lang='lat' dir='ltr'><strong>AEre,</strong></span> <span class='ocrx_word' id='word_1_386' title='bbox 1194 3876 1242 3923; x_wconf 89' lang='lat' dir='ltr'><strong>aut</strong></span> <span class='ocrx_word' id='word_1_387' title='bbox 1254 3867 1444 3936; x_wconf 85' lang='lat' dir='ltr'><strong>marmoribus,</strong></span> <span class='ocrx_word' id='word_1_388' title='bbox 1457 3866 1646 3936; x_wconf 90' lang='lat' dir='ltr'><strong>coloribusque</strong></span> 
     </span>
     <span class='ocr_line' id='line_1_81' title="bbox 1104 3954 1678 4028; baseline -0.012 -11"><span class='ocrx_word' id='word_1_389' title='bbox 1104 3960 1219 4025; x_wconf 86' lang='lat' dir='ltr'><strong>bientor,</strong></span> <span class='ocrx_word' id='word_1_390' title='bbox 1235 3957 1395 4025; x_wconf 82' lang='lat' dir='ltr'><strong>Praxiteles,</strong></span> <span class='ocrx_word' id='word_1_391' title='bbox 1409 3957 1511 4028; x_wconf 85' lang='lat' dir='ltr'><strong>Scopas</strong></span> <span class='ocrx_word' id='word_1_392' title='bbox 1523 3954 1656 4014; x_wconf 88' lang='lat' dir='ltr'><strong>dederuut</strong></span> <span class='ocrx_word' id='word_1_393' title='bbox 1670 3971 1678 4010; x_wconf 79' lang='lat' dir='ltr'><strong>s</strong></span> 
     </span>
    </p>
   </div>
   <div class='ocr_carea' id='block_1_19' title="bbox 1071 4047 1624 4149">
    <p class='ocr_par' dir='ltr' id='par_1_30' title="bbox 1071 4047 1624 4149">
     <span class='ocr_line' id='line_1_82' title="bbox 1071 4047 1624 4149; baseline -0.014 -38"><span class='ocrx_word' id='word_1_394' title='bbox 1071 4138 1075 4149; x_wconf 17' lang='grc' dir='ltr'><strong><em>ὑ</em></strong></span> <span class='ocrx_word' id='word_1_395' title='bbox 1104 4052 1224 4121; x_wconf 78' lang='lat' dir='ltr'><strong>Qualitas</strong></span> <span class='ocrx_word' id='word_1_396' title='bbox 1235 4064 1286 4107; x_wconf 91' lang='lat' dir='ltr'><strong>ncc</strong></span> <span class='ocrx_word' id='word_1_397' title='bbox 1299 4049 1452 4122; x_wconf 78' lang='lat' dir='ltr'><strong>Polycletus</strong></span> <span class='ocrx_word' id='word_1_398' title='bbox 1464 4049 1522 4120; x_wconf 88' lang='lat' dir='ltr'><strong>ipss</strong></span> <span class='ocrx_word' id='word_1_399' title='bbox 1536 4047 1624 4115; x_wconf 81' lang='lat' dir='ltr'><strong>linxit,</strong></span> 
     </span>
    </p>
   </div>
   <div class='ocr_carea' id='block_1_20' title="bbox 199 4202 1921 5892">
    <p class='ocr_par' dir='ltr' id='par_1_31' title="bbox 252 4202 1919 5127">
     <span class='ocr_line' id='line_1_83' title="bbox 301 4202 1889 4285; baseline 0.001 -26"><span class='ocrx_word' id='word_1_400' title='bbox 301 4215 315 4244; x_wconf 77' lang='lat'><strong>¹</strong></span> <span class='ocrx_word' id='word_1_401' title='bbox 330 4204 387 4259; x_wconf 69' lang='lat' dir='ltr'><strong>Nou</strong></span> <span class='ocrx_word' id='word_1_402' title='bbox 409 4203 494 4285; x_wconf 73' lang='lat' dir='ltr'><strong>solum</strong></span> <span class='ocrx_word' id='word_1_403' title='bbox 518 4202 638 4283; x_wconf 74' lang='lat' dir='ltr'><strong>iictori,¹</strong></span> <span class='ocrx_word' id='word_1_404' title='bbox 653 4203 701 4259; x_wconf 88' lang='lat' dir='ltr'><strong>sed</strong></span> <span class='ocrx_word' id='word_1_405' title='bbox 715 4205 791 4259; x_wconf 84' lang='lat' dir='ltr'><strong>victis</strong></span> <span class='ocrx_word' id='word_1_406' title='bbox 812 4206 892 4261; x_wconf 90' lang='lat' dir='ltr'><strong>etiarn</strong></span> <span class='ocrx_word' id='word_1_407' title='bbox 911 4209 1049 4276; x_wconf 73' lang='lat' dir='ltr'><strong>premium</strong></span> <span class='ocrx_word' id='word_1_408' title='bbox 1075 4220 1078 4227; x_wconf 70' lang='grc'><strong><em>’</em></strong></span> <span class='ocrx_word' id='word_1_409' title='bbox 1144 4225 1155 4251; x_wconf 73' lang='lat' dir='ltr'><strong>c</strong></span> <span class='ocrx_word' id='word_1_410' title='bbox 1179 4211 1248 4266; x_wconf 86' lang='lat' dir='ltr'><strong>biiii</strong></span> <span class='ocrx_word' id='word_1_411' title='bbox 1271 4210 1455 4279; x_wconf 85' lang='lat' dir='ltr'><strong>imperatoris,</strong></span> <span class='ocrx_word' id='word_1_412' title='bbox 1479 4209 1556 4275; x_wconf 87' lang='lat' dir='ltr'><strong>cujus</strong></span> <span class='ocrx_word' id='word_1_413' title='bbox 1575 4221 1667 4263; x_wconf 88' lang='lat' dir='ltr'><strong>curain</strong></span> <span class='ocrx_word' id='word_1_414' title='bbox 1695 4205 1785 4277; x_wconf 82' lang='lat' dir='ltr'><strong>palatii</strong></span> <span class='ocrx_word' id='word_1_415' title='bbox 1807 4203 1889 4274; x_wconf 69' lang='lat' dir='ltr'><strong>pessit</strong></span> 
     </span>
     <span class='ocr_line' id='line_1_84' title="bbox 265 4272 1888 4353; baseline 0 -23"><span class='ocrx_word' id='word_1_416' title='bbox 265 4276 299 4330; x_wconf 90' lang='lat' dir='ltr'><strong>ali</strong></span> <span class='ocrx_word' id='word_1_417' title='bbox 320 4274 473 4353; x_wconf 75' lang='lat' dir='ltr'><strong>undsolatit</strong></span> <span class='ocrx_word' id='word_1_418' title='bbox 488 4286 568 4327; x_wconf 86' lang='lat' dir='ltr'><strong>causa</strong></span> <span class='ocrx_word' id='word_1_419' title='bbox 583 4272 640 4326; x_wconf 90' lang='lat' dir='ltr'><strong>dart</strong></span> <span class='ocrx_word' id='word_1_420' title='bbox 655 4287 714 4326; x_wconf 88' lang='lat' dir='ltr'><strong>mos</strong></span> <span class='ocrx_word' id='word_1_421' title='bbox 734 4273 791 4328; x_wconf 87' lang='lat' dir='ltr'><strong>luit.</strong></span> <span class='ocrx_word' id='word_1_422' title='bbox 808 4275 964 4331; x_wconf 88' lang='lat' dir='ltr'><strong>tlinbrosius</strong></span> <span class='ocrx_word' id='word_1_423' title='bbox 978 4279 1024 4333; x_wconf 82' lang='lat' dir='ltr'><strong>lib.</strong></span> <span class='ocrx_word' id='word_1_424' title='bbox 1042 4295 1050 4335; x_wconf 97' lang='lat' dir='ltr'><strong>i</strong></span> <span class='ocrx_word' id='word_1_425' title='bbox 1103 4282 1280 4348; x_wconf 83' lang='lat' dir='ltr'><strong>consentius,</strong></span> <span class='ocrx_word' id='word_1_426' title='bbox 1302 4290 1331 4335; x_wconf 92' lang='lat' dir='ltr'><strong>ut</strong></span> <span class='ocrx_word' id='word_1_427' title='bbox 1349 4278 1471 4348; x_wconf 82' lang='lat' dir='ltr'><strong>Equitius</strong></span> <span class='ocrx_word' id='word_1_428' title='bbox 1489 4279 1552 4333; x_wconf 87' lang='lat' dir='ltr'><strong>oliui</strong></span> <span class='ocrx_word' id='word_1_429' title='bbox 1568 4277 1703 4343; x_wconf 82' lang='lat' dir='ltr'><strong>Valentis,</strong></span> <span class='ocrx_word' id='word_1_430' title='bbox 1717 4275 1888 4333; x_wconf 82' lang='lat' dir='ltr'><strong>Constantius</strong></span> 
     </span>
     <span class='ocr_line' id='line_1_85' title="bbox 264 4340 1887 4422; baseline 0.001 -23"><span class='ocrx_word' id='word_1_431' title='bbox 264 4346 299 4399; x_wconf 92' lang='lat' dir='ltr'><strong>de</strong></span> <span class='ocrx_word' id='word_1_432' title='bbox 334 4349 471 4422; x_wconf 25' lang='lat' dir='ltr'><strong>mititteiitis</strong></span> <span class='ocrx_word' id='word_1_433' title='bbox 481 4356 563 4421; x_wconf 50' lang='lat' dir='ltr'><strong>,cuin</strong></span> <span class='ocrx_word' id='word_1_434' title='bbox 575 4342 613 4420; x_wconf 67' lang='lat' dir='ltr'><strong>b:</strong></span> <span class='ocrx_word' id='word_1_435' title='bbox 631 4340 701 4422; x_wconf 79' lang='lat' dir='ltr'><strong>Num</strong></span> <span class='ocrx_word' id='word_1_436' title='bbox 712 4359 779 4412; x_wconf 81' lang='lat' dir='ltr'><strong>sirpe</strong></span> <span class='ocrx_word' id='word_1_437' title='bbox 795 4345 823 4397; x_wconf 92' lang='lat' dir='ltr'><strong>in</strong></span> <span class='ocrx_word' id='word_1_438' title='bbox 837 4344 885 4397; x_wconf 88' lang='lat' dir='ltr'><strong>boe</strong></span> <span class='ocrx_word' id='word_1_439' title='bbox 896 4347 1050 4404; x_wconf 86' lang='lat' dir='ltr'><strong>atltletaruni</strong></span> <span class='ocrx_word' id='word_1_440' title='bbox 1103 4351 1233 4416; x_wconf 87' lang='lat' dir='ltr'><strong>lionorii,</strong></span> <span class='ocrx_word' id='word_1_441' title='bbox 1247 4350 1339 4406; x_wconf 74' lang='lat' dir='ltr'><strong>serini</strong></span> <span class='ocrx_word' id='word_1_442' title='bbox 1351 4350 1471 4407; x_wconf 87' lang='lat' dir='ltr'><strong>ioannis.</strong></span> <span class='ocrx_word' id='word_1_443' title='bbox 1487 4347 1546 4418; x_wconf 79' lang='lat' dir='ltr'><strong>Quo</strong></span> <span class='ocrx_word' id='word_1_444' title='bbox 1559 4362 1671 4419; x_wconf 76' lang='lat' dir='ltr'><strong>inuuere</strong></span> <span class='ocrx_word' id='word_1_445' title='bbox 1685 4347 1729 4417; x_wconf 88' lang='lat' dir='ltr'><strong>qui</strong></span> <span class='ocrx_word' id='word_1_446' title='bbox 1744 4345 1887 4417; x_wconf 80' lang='lat' dir='ltr'><strong>iutigeban·</strong></span> 
     </span>
     <span class='ocr_line' id='line_1_86' title="bbox 264 4413 1886 4493; baseline 0.003 -28"><span class='ocrx_word' id='word_1_447' title='bbox 264 4413 382 4493; x_wconf 66' lang='lat' dir='ltr'><strong>maalon</strong></span> <span class='ocrx_word' id='word_1_448' title='bbox 395 4420 537 4471; x_wconf 53' lang='lat' dir='ltr'><strong>certamine,</strong></span> <span class='ocrx_word' id='word_1_449' title='bbox 548 4420 625 4463; x_wconf 84' lang='lat' dir='ltr'><strong>eiiam</strong></span> <span class='ocrx_word' id='word_1_450' title='bbox 637 4418 840 4493; x_wconf 68' lang='lat' dir='ltr'><strong>¹tractumquoriini</strong></span> <span class='ocrx_word' id='word_1_451' title='bbox 854 4414 948 4484; x_wconf 69' lang='lat' dir='ltr'><strong>fuerint</strong></span> <span class='ocrx_word' id='word_1_452' title='bbox 965 4428 1049 4472; x_wconf 83' lang='lat' dir='ltr'><strong>certa·</strong></span> <span class='ocrx_word' id='word_1_453' title='bbox 1077 4482 1080 4491; x_wconf 38' lang='lat'><strong><em>¹</em></strong></span> <span class='ocrx_word' id='word_1_454' title='bbox 1104 4429 1157 4486; x_wconf 88' lang='lat' dir='ltr'><strong>tur,</strong></span> <span class='ocrx_word' id='word_1_455' title='bbox 1174 4419 1334 4490; x_wconf 73' lang='lat' dir='ltr'><strong>curopalates</strong></span> <span class='ocrx_word' id='word_1_456' title='bbox 1348 4429 1440 4488; x_wconf 90' lang='lat' dir='ltr'><strong>postca</strong></span> <span class='ocrx_word' id='word_1_457' title='bbox 1457 4434 1559 4485; x_wconf 85' lang='lat' dir='ltr'><strong>sumnia</strong></span> <span class='ocrx_word' id='word_1_458' title='bbox 1571 4434 1633 4473; x_wconf 89' lang='lat' dir='ltr'><strong>cum</strong></span> <span class='ocrx_word' id='word_1_459' title='bbox 1647 4417 1805 4472; x_wconf 85' lang='lat' dir='ltr'><strong>auctoritate</strong></span> <span class='ocrx_word' id='word_1_460' title='bbox 1823 4417 1886 4472; x_wconf 91' lang='lat' dir='ltr'><strong>dicti</strong></span> 
     </span>
     <span class='ocr_line' id='line_1_87' title="bbox 264 4477 1888 4563; baseline 0.004 -28"><span class='ocrx_word' id='word_1_461' title='bbox 264 4499 333 4537; x_wconf 86' lang='lat' dir='ltr'><strong>utino</strong></span> <span class='ocrx_word' id='word_1_462' title='bbox 348 4480 463 4561; x_wconf 68' lang='lat' dir='ltr'><strong>proboso,</strong></span> <span class='ocrx_word' id='word_1_463' title='bbox 475 4477 563 4560; x_wconf 74' lang='lat' dir='ltr'><strong>uirique</strong></span> <span class='ocrx_word' id='word_1_464' title='bbox 575 4480 772 4562; x_wconf 33' lang='lat' dir='ltr'><strong>liemarum-euni</strong></span> <span class='ocrx_word' id='word_1_465' title='bbox 782 4484 916 4539; x_wconf 86' lang='lat' dir='ltr'><strong>uictoribus</strong></span> <span class='ocrx_word' id='word_1_466' title='bbox 926 4501 1048 4543; x_wconf 83' lang='lat' dir='ltr'><strong>seruitute</strong></span> <span class='ocrx_word' id='word_1_467' title='bbox 1103 4503 1165 4544; x_wconf 89' lang='lat' dir='ltr'><strong>suni</strong></span> <span class='ocrx_word' id='word_1_468' title='bbox 1179 4492 1206 4544; x_wconf 90' lang='lat' dir='ltr'><strong>iti</strong></span> <span class='ocrx_word' id='word_1_469' title='bbox 1221 4491 1282 4546; x_wconf 85' lang='lat' dir='ltr'><strong>auia</strong></span> <span class='ocrx_word' id='word_1_470' title='bbox 1293 4488 1425 4552; x_wconf 85' lang='lat' dir='ltr'><strong>Orientis,</strong></span> <span class='ocrx_word' id='word_1_471' title='bbox 1441 4497 1486 4549; x_wconf 79' lang='lat' dir='ltr'><strong>nb</strong></span> <span class='ocrx_word' id='word_1_472' title='bbox 1502 4490 1612 4563; x_wconf 73' lang='lat' dir='ltr'><strong>pelasia</strong></span> <span class='ocrx_word' id='word_1_473' title='bbox 1629 4498 1674 4550; x_wconf 74' lang='lat' dir='ltr'><strong>nir</strong></span> <span class='ocrx_word' id='word_1_474' title='bbox 1687 4489 1764 4549; x_wconf 72' lang='lat' dir='ltr'><strong>eiiii,-</strong></span> <span class='ocrx_word' id='word_1_475' title='bbox 1778 4488 1888 4552; x_wconf 76' lang='lat' dir='ltr'><strong>iuriam·</strong></span> 
     </span>
     <span class='ocr_line' id='line_1_88' title="bbox 263 4550 1886 4632; baseline 0.002 -25"><span class='ocrx_word' id='word_1_476' title='bbox 263 4557 408 4613; x_wconf 84' lang='lat' dir='ltr'><strong>consueuit,</strong></span> <span class='ocrx_word' id='word_1_477' title='bbox 429 4563 539 4631; x_wconf 72' lang='lat' dir='ltr'><strong>meorum</strong></span> <span class='ocrx_word' id='word_1_478' title='bbox 556 4565 618 4631; x_wconf 67' lang='lat' dir='ltr'><strong>quoa</strong></span> <span class='ocrx_word' id='word_1_479' title='bbox 639 4550 747 4615; x_wconf 83' lang='lat' dir='ltr'><strong>uiderit,</strong></span> <span class='ocrx_word' id='word_1_480' title='bbox 769 4560 813 4604; x_wconf 85' lang='lat' dir='ltr'><strong>snt</strong></span> <span class='ocrx_word' id='word_1_481' title='bbox 833 4556 898 4620; x_wconf 73' lang='lat' dir='ltr'><strong>sorte</strong></span> <span class='ocrx_word' id='word_1_482' title='bbox 925 4556 984 4609; x_wconf 88' lang='lat' dir='ltr'><strong>dolo</strong></span> <span class='ocrx_word' id='word_1_483' title='bbox 1005 4569 1049 4611; x_wconf 85' lang='lat' dir='ltr'><strong>siit</strong></span> <span class='ocrx_word' id='word_1_484' title='bbox 1103 4563 1252 4632; x_wconf 66' lang='lat' dir='ltr'><strong>aesopicae,</strong></span> <span class='ocrx_word' id='word_1_485' title='bbox 1269 4568 1297 4615; x_wconf 96' lang='grc' dir='ltr'><strong>ιιι</strong></span> <span class='ocrx_word' id='word_1_486' title='bbox 1309 4559 1401 4615; x_wconf 85' lang='lat' dir='ltr'><strong>scribit</strong></span> <span class='ocrx_word' id='word_1_487' title='bbox 1413 4559 1539 4629; x_wconf 77' lang='lat' dir='ltr'><strong>Euagrius</strong></span> <span class='ocrx_word' id='word_1_488' title='bbox 1552 4560 1597 4615; x_wconf 92' lang='lat' dir='ltr'><strong>lib.</strong></span> <span class='ocrx_word' id='word_1_489' title='bbox 1614 4574 1639 4623; x_wconf 88' lang='lat' dir='ltr'><strong>r,</strong></span> <span class='ocrx_word' id='word_1_490' title='bbox 1656 4560 1679 4615; x_wconf 87' lang='lat' dir='ltr'><strong>l.</strong></span> <span class='ocrx_word' id='word_1_491' title='bbox 1696 4570 1721 4613; x_wconf 89' lang='lat' dir='ltr'><strong>et</strong></span> <span class='ocrx_word' id='word_1_492' title='bbox 1738 4560 1764 4612; x_wconf 91' lang='lat' dir='ltr'><strong>in</strong></span> <span class='ocrx_word' id='word_1_493' title='bbox 1775 4556 1886 4614; x_wconf 81' lang='lat' dir='ltr'><strong>Francia</strong></span> 
     </span>
     <span class='ocr_line' id='line_1_89' title="bbox 263 4619 1888 4702; baseline 0.002 -26"><span class='ocrx_word' id='word_1_494' title='bbox 263 4620 355 4702; x_wconf 73' lang='lat' dir='ltr'><strong>[rosido</strong></span> <span class='ocrx_word' id='word_1_495' title='bbox 371 4620 487 4673; x_wconf 79' lang='lat' dir='ltr'><strong>seclusos</strong></span> <span class='ocrx_word' id='word_1_496' title='bbox 501 4627 617 4702; x_wconf 70' lang='lat'><strong>”3⁶¹⁰.&#39;.¹‘⁸·</strong></span> <span class='ocrx_word' id='word_1_497' title='bbox 636 4619 674 4675; x_wconf 87' lang='lat' dir='ltr'><strong>ita</strong></span> <span class='ocrx_word' id='word_1_498' title='bbox 696 4620 845 4702; x_wconf 24' lang='lat' dir='ltr'><strong>liupuiitlin</strong></span> <span class='ocrx_word' id='word_1_499' title='bbox 862 4626 1051 4683; x_wconf 85' lang='lat' dir='ltr'><strong>certaminibus</strong></span> <span class='ocrx_word' id='word_1_500' title='bbox 1063 4620 1090 4681; x_wconf 83' lang='grc' dir='ltr'><strong>Ι)</strong></span> <span class='ocrx_word' id='word_1_501' title='bbox 1101 4632 1217 4700; x_wconf 78' lang='lat' dir='ltr'><strong>piajores</strong></span> <span class='ocrx_word' id='word_1_502' title='bbox 1227 4631 1333 4685; x_wconf 84' lang='lat' dir='ltr'><strong>donatis.</strong></span> <span class='ocrx_word' id='word_1_503' title='bbox 1347 4628 1541 4701; x_wconf 73' lang='lat' dir='ltr'><strong>Fredegarius:</strong></span> <span class='ocrx_word' id='word_1_504' title='bbox 1558 4628 1731 4683; x_wconf 87' lang='lat' dir='ltr'><strong>Wurodotteni</strong></span> <span class='ocrx_word' id='word_1_505' title='bbox 1742 4628 1769 4683; x_wconf 88' lang='lat' dir='ltr'><strong>itt</strong></span> <span class='ocrx_word' id='word_1_506' title='bbox 1784 4624 1888 4683; x_wconf 82' lang='lat' dir='ltr'><strong>Edrobti</strong></span> 
     </span>
     <span class='ocr_line' id='line_1_90' title="bbox 252 4688 1887 4775; baseline 0.003 -31"><span class='ocrx_word' id='word_1_507' title='bbox 252 4707 320 4772; x_wconf 23' lang='lat' dir='ltr'><strong>‘suis</strong></span> <span class='ocrx_word' id='word_1_508' title='bbox 332 4691 478 4775; x_wconf 71' lang='lat' dir='ltr'><strong>liemarus,</strong></span> <span class='ocrx_word' id='word_1_509' title='bbox 494 4688 635 4772; x_wconf 73' lang='lat' dir='ltr'><strong>Virgilius,</strong></span> <span class='ocrx_word' id='word_1_510' title='bbox 650 4689 769 4773; x_wconf 56' lang='lat' dir='ltr'><strong>buatius,</strong></span> <span class='ocrx_word' id='word_1_511' title='bbox 784 4691 873 4774; x_wconf 80' lang='lat' dir='ltr'><strong>Stilus.</strong></span> <span class='ocrx_word' id='word_1_512' title='bbox 889 4693 922 4748; x_wconf 81' lang='lat' dir='ltr'><strong>Li</strong></span> <span class='ocrx_word' id='word_1_513' title='bbox 936 4697 1050 4754; x_wconf 87' lang='lat' dir='ltr'><strong>scenicis</strong></span> <span class='ocrx_word' id='word_1_514' title='bbox 1101 4701 1185 4754; x_wconf 84' lang='lat' dir='ltr'><strong>luerim</strong></span> <span class='ocrx_word' id='word_1_515' title='bbox 1200 4703 1322 4773; x_wconf 77' lang='lat' dir='ltr'><strong>inujorsnt</strong></span> <span class='ocrx_word' id='word_1_516' title='bbox 1340 4699 1431 4754; x_wconf 86' lang='lat' dir='ltr'><strong>domus</strong></span> <span class='ocrx_word' id='word_1_517' title='bbox 1448 4699 1644 4755; x_wconf 74' lang='lat' dir='ltr'><strong>constituerunt,</strong></span> <span class='ocrx_word' id='word_1_518' title='bbox 1667 4695 1730 4755; x_wconf 82' lang='lat' dir='ltr'><strong>iirot</strong></span> <span class='ocrx_word' id='word_1_519' title='bbox 1746 4697 1887 4753; x_wconf 86' lang='lat' dir='ltr'><strong>Wnrndoni</strong></span> 
     </span>
     <span class='ocr_line' id='line_1_91' title="bbox 262 4759 1888 4842; baseline 0.002 -26"><span class='ocrx_word' id='word_1_520' title='bbox 262 4759 333 4816; x_wconf 89' lang='lat' dir='ltr'><strong>ludis</strong></span> <span class='ocrx_word' id='word_1_521' title='bbox 343 4759 409 4839; x_wconf 81' lang='lat' dir='ltr'><strong>iulii</strong></span> <span class='ocrx_word' id='word_1_522' title='bbox 431 4760 561 4826; x_wconf 72' lang='lat' dir='ltr'><strong>lmsaris,</strong></span> <span class='ocrx_word' id='word_1_523' title='bbox 581 4776 608 4815; x_wconf 92' lang='lat' dir='ltr'><strong>iii</strong></span> <span class='ocrx_word' id='word_1_524' title='bbox 628 4760 724 4832; x_wconf 87' lang='lat' dir='ltr'><strong>quibus</strong></span> <span class='ocrx_word' id='word_1_525' title='bbox 744 4760 870 4829; x_wconf 83' lang='lat' dir='ltr'><strong>Laberius</strong></span> <span class='ocrx_word' id='word_1_526' title='bbox 890 4772 919 4819; x_wconf 92' lang='lat' dir='ltr'><strong>et</strong></span> <span class='ocrx_word' id='word_1_527' title='bbox 940 4765 1049 4823; x_wconf 83' lang='lat' dir='ltr'><strong>Publius</strong></span> <span class='ocrx_word' id='word_1_528' title='bbox 1100 4771 1300 4841; x_wconf 74' lang='lat' dir='ltr'><strong>filius,qiiioise</strong></span> <span class='ocrx_word' id='word_1_529' title='bbox 1310 4770 1488 4841; x_wconf 83' lang='lat' dir='ltr'><strong>patrissuruttt</strong></span> <span class='ocrx_word' id='word_1_530' title='bbox 1499 4766 1888 4842; x_wconf 65' lang='lat' dir='ltr'><strong>pntnittqeretnimombedb-</strong></span> 
     </span>
     <span class='ocr_line' id='line_1_92' title="bbox 261 4833 1221 4903; baseline 0.011 -18"><span class='ocrx_word' id='word_1_531' title='bbox 261 4833 346 4903; x_wconf 75' lang='lat' dir='ltr'><strong>Syrus</strong></span> <span class='ocrx_word' id='word_1_532' title='bbox 357 4843 497 4897; x_wconf 86' lang='lat' dir='ltr'><strong>mimorum</strong></span> <span class='ocrx_word' id='word_1_533' title='bbox 508 4841 593 4897; x_wconf 81' lang='lat' dir='ltr'><strong>posue</strong></span> <span class='ocrx_word' id='word_1_534' title='bbox 604 4839 819 4898; x_wconf 84' lang='lat' dir='ltr'><strong>certamnt,cuin</strong></span> <span class='ocrx_word' id='word_1_535' title='bbox 828 4844 968 4903; x_wconf 87' lang='lat' dir='ltr'><strong>superatus</strong></span> <span class='ocrx_word' id='word_1_536' title='bbox 978 4847 1051 4894; x_wconf 88' lang='lat' dir='ltr'><strong>esset</strong></span> <span class='ocrx_word' id='word_1_537' title='bbox 1101 4841 1221 4897; x_wconf 78' lang='lat' dir='ltr'><strong>leniorue.</strong></span> 
     </span>
     <span class='ocr_line' id='line_1_93' title="bbox 261 4897 1919 4984; baseline 0.001 -26"><span class='ocrx_word' id='word_1_538' title='bbox 261 4902 406 4981; x_wconf 73' lang='lat' dir='ltr'><strong>Lalicriirs,</strong></span> <span class='ocrx_word' id='word_1_539' title='bbox 427 4897 516 4954; x_wconf 83' lang='lat' dir='ltr'><strong>Caesar</strong></span> <span class='ocrx_word' id='word_1_540' title='bbox 535 4900 604 4971; x_wconf 81' lang='lat' dir='ltr'><strong>Syro</strong></span> <span class='ocrx_word' id='word_1_541' title='bbox 619 4904 712 4959; x_wconf 84' lang='lat' dir='ltr'><strong>iictori</strong></span> <span class='ocrx_word' id='word_1_542' title='bbox 734 4904 865 4984; x_wconf 76' lang='lat' dir='ltr'><strong>palmam,</strong></span> <span class='ocrx_word' id='word_1_543' title='bbox 880 4905 950 4959; x_wconf 84' lang='lat' dir='ltr'><strong>vicio</strong></span> <span class='ocrx_word' id='word_1_544' title='bbox 961 4922 1048 4964; x_wconf 91' lang='lat' dir='ltr'><strong>annu·</strong></span> <span class='ocrx_word' id='word_1_545' title='bbox 1135 4907 1227 4966; x_wconf 74' lang='lat' dir='ltr'><strong>lllnc</strong></span> <span class='ocrx_word' id='word_1_546' title='bbox 1239 4910 1311 4966; x_wconf 87' lang='lat' dir='ltr'><strong>onim</strong></span> <span class='ocrx_word' id='word_1_547' title='bbox 1324 4909 1374 4974; x_wconf 92' lang='lat' dir='ltr'><strong>illi,</strong></span> <span class='ocrx_word' id='word_1_548' title='bbox 1391 4919 1418 4964; x_wconf 89' lang='lat' dir='ltr'><strong>ut</strong></span> <span class='ocrx_word' id='word_1_549' title='bbox 1435 4908 1560 4981; x_wconf 81' lang='lat' dir='ltr'><strong>praelatus</strong></span> <span class='ocrx_word' id='word_1_550' title='bbox 1571 4917 1629 4976; x_wconf 83' lang='lat' dir='ltr'><strong>est,</strong></span> <span class='ocrx_word' id='word_1_551' title='bbox 1641 4906 1775 4965; x_wconf 87' lang='lat' dir='ltr'><strong>scribendi</strong></span> <span class='ocrx_word' id='word_1_552' title='bbox 1790 4905 1886 4962; x_wconf 88' lang='lat' dir='ltr'><strong>carmi·</strong></span> <span class='ocrx_word' id='word_1_553' title='bbox 1914 4958 1919 4971; x_wconf 75' lang='grc'>,</span> 
     </span>
     <span class='ocr_line' id='line_1_94' title="bbox 262 4970 1886 5054; baseline 0.001 -27"><span class='ocrx_word' id='word_1_554' title='bbox 262 4972 317 5054; x_wconf 88' lang='lat' dir='ltr'><strong>bini</strong></span> <span class='ocrx_word' id='word_1_555' title='bbox 336 4970 425 5037; x_wconf 87' lang='lat' dir='ltr'><strong>dedit,</strong></span> <span class='ocrx_word' id='word_1_556' title='bbox 446 4979 476 5023; x_wconf 90' lang='lat' dir='ltr'><strong>ut</strong></span> <span class='ocrx_word' id='word_1_557' title='bbox 490 4978 532 5025; x_wconf 66' lang='lat' dir='ltr'><strong>eat</strong></span> <span class='ocrx_word' id='word_1_558' title='bbox 549 4971 620 5042; x_wconf 88' lang='lat' dir='ltr'><strong>apud</strong></span> <span class='ocrx_word' id='word_1_559' title='bbox 641 4972 802 5027; x_wconf 89' lang='lat' dir='ltr'><strong>llacrobium</strong></span> <span class='ocrx_word' id='word_1_560' title='bbox 821 4973 868 5029; x_wconf 89' lang='lat' dir='ltr'><strong>lib.</strong></span> <span class='ocrx_word' id='word_1_561' title='bbox 883 4990 902 5029; x_wconf 87' lang='lat' dir='ltr'><strong>rr</strong></span> <span class='ocrx_word' id='word_1_562' title='bbox 920 4975 1049 5033; x_wconf 81' lang='lat' dir='ltr'><strong>Saturna·</strong></span> <span class='ocrx_word' id='word_1_563' title='bbox 1100 4983 1143 5036; x_wconf 91' lang='lat' dir='ltr'><strong>nis</strong></span> <span class='ocrx_word' id='word_1_564' title='bbox 1158 4982 1207 5036; x_wconf 90' lang='lat' dir='ltr'><strong>lnit</strong></span> <span class='ocrx_word' id='word_1_565' title='bbox 1220 4981 1336 5036; x_wconf 89' lang='lat' dir='ltr'><strong>occasio.</strong></span> <span class='ocrx_word' id='word_1_566' title='bbox 1351 4979 1485 5037; x_wconf 83' lang='lat' dir='ltr'><strong>Laudibus</strong></span> <span class='ocrx_word' id='word_1_567' title='bbox 1502 4994 1581 5050; x_wconf 90' lang='lat' dir='ltr'><strong>porro</strong></span> <span class='ocrx_word' id='word_1_568' title='bbox 1592 4975 1730 5035; x_wconf 69' lang='lat' dir='ltr'><strong>Conse‘ntii</strong></span> <span class='ocrx_word' id='word_1_569' title='bbox 1745 4992 1819 5033; x_wconf 87' lang='lat' dir='ltr'><strong>more</strong></span> <span class='ocrx_word' id='word_1_570' title='bbox 1837 4990 1886 5030; x_wconf 91' lang='lat' dir='ltr'><strong>suo</strong></span> 
     </span>
     <span class='ocr_line' id='line_1_95' title="bbox 262 5041 1884 5127; baseline 0.003 -32"><span class='ocrx_word' id='word_1_571' title='bbox 262 5041 326 5127; x_wconf 82' lang='lat' dir='ltr'><strong>lium</strong></span> <span class='ocrx_word' id='word_1_572' title='bbox 340 5042 366 5096; x_wconf 83' lang='lat' dir='ltr'><strong>i.</strong></span> <span class='ocrx_word' id='word_1_573' title='bbox 416 5111 443 5124; x_wconf 89' lang='lat'><strong>..</strong></span> <span class='ocrx_word' id='word_1_574' title='bbox 813 5114 819 5125; x_wconf 37' lang='lat'><strong>·</strong></span> <span class='ocrx_word' id='word_1_575' title='bbox 1100 5052 1248 5107; x_wconf 88' lang='lat' dir='ltr'><strong>amicorum</strong></span> <span class='ocrx_word' id='word_1_576' title='bbox 1263 5051 1348 5121; x_wconf 81' lang='lat' dir='ltr'><strong>eloqia</strong></span> <span class='ocrx_word' id='word_1_577' title='bbox 1364 5049 1776 5120; x_wconf 79' lang='lat' dir='ltr'><strong>breiltcradjunqii,clarorom</strong></span> <span class='ocrx_word' id='word_1_578' title='bbox 1790 5047 1884 5104; x_wconf 84' lang='lat' dir='ltr'><strong>ciuitini</strong></span> 
     </span>
    </p>

    <p class='ocr_par' dir='ltr' id='par_1_32' title="bbox 199 5108 1921 5892">
     <span class='ocr_line' id='line_1_96' title="bbox 300 5108 1885 5195; baseline 0.003 -29"><span class='ocrx_word' id='word_1_579' title='bbox 300 5111 314 5151; x_wconf 78' lang='lat' dir='ltr'><strong>b</strong></span> <span class='ocrx_word' id='word_1_580' title='bbox 329 5111 445 5195; x_wconf 77' lang='lat' dir='ltr'><strong>lucentii</strong></span> <span class='ocrx_word' id='word_1_581' title='bbox 458 5119 545 5194; x_wconf 72' lang='lat' dir='ltr'><strong>astate.</strong></span> <span class='ocrx_word' id='word_1_582' title='bbox 562 5108 644 5166; x_wconf 88' lang='lat' dir='ltr'><strong>Plane</strong></span> <span class='ocrx_word' id='word_1_583' title='bbox 661 5110 732 5193; x_wconf 89' lang='lat' dir='ltr'><strong>qood</strong></span> <span class='ocrx_word' id='word_1_584' title='bbox 745 5119 875 5183; x_wconf 87' lang='lat' dir='ltr'><strong>sequitiu,</strong></span> <span class='ocrx_word' id='word_1_585' title='bbox 889 5127 1005 5183; x_wconf 71' lang='lat' dir='ltr'><strong>sequente</strong></span> <span class='ocrx_word' id='word_1_586' title='bbox 1021 5119 1048 5175; x_wconf 89' lang='lat' dir='ltr'><strong>iu</strong></span> <span class='ocrx_word' id='word_1_587' title='bbox 1078 5156 1080 5161; x_wconf 79' lang='lat'><em>·</em></span> <span class='ocrx_word' id='word_1_588' title='bbox 1099 5120 1321 5178; x_wconf 87' lang='lat' dir='ltr'><strong>Narbonensium.</strong></span> <span class='ocrx_word' id='word_1_589' title='bbox 1337 5121 1408 5177; x_wconf 90' lang='lat' dir='ltr'><strong>lnter</strong></span> <span class='ocrx_word' id='word_1_590' title='bbox 1421 5136 1487 5191; x_wconf 89' lang='lat' dir='ltr'><strong>quos</strong></span> <span class='ocrx_word' id='word_1_591' title='bbox 1502 5123 1575 5183; x_wconf 89' lang='lat' dir='ltr'><strong>Leo,</strong></span> <span class='ocrx_word' id='word_1_592' title='bbox 1590 5119 1700 5191; x_wconf 79' lang='lat' dir='ltr'><strong>blagnus</strong></span> <span class='ocrx_word' id='word_1_593' title='bbox 1717 5129 1745 5174; x_wconf 92' lang='lat' dir='ltr'><strong>et</strong></span> <span class='ocrx_word' id='word_1_594' title='bbox 1758 5115 1885 5173; x_wconf 87' lang='lat' dir='ltr'><strong>blarcelli·</strong></span> 
     </span>
     <span class='ocr_line' id='line_1_97' title="bbox 199 5182 1885 5263; baseline 0.006 -29"><span class='ocrx_word' id='word_1_595' title='bbox 199 5207 206 5217; x_wconf 83' lang='lat'><em>·</em></span> <span class='ocrx_word' id='word_1_596' title='bbox 260 5197 324 5262; x_wconf 73' lang='lat' dir='ltr'><strong>mou,</strong></span> <span class='ocrx_word' id='word_1_597' title='bbox 340 5192 404 5252; x_wconf 85' lang='lat' dir='ltr'><strong>satis</strong></span> <span class='ocrx_word' id='word_1_598' title='bbox 420 5183 488 5261; x_wconf 81' lang='lat' dir='ltr'><strong>banc</strong></span> <span class='ocrx_word' id='word_1_599' title='bbox 509 5189 758 5251; x_wconf 85' lang='lat' dir='ltr'><strong>interpretationem</strong></span> <span class='ocrx_word' id='word_1_600' title='bbox 772 5182 929 5250; x_wconf 88' lang='lat' dir='ltr'><strong>cnollrruat,</strong></span> <span class='ocrx_word' id='word_1_601' title='bbox 944 5187 1046 5243; x_wconf 90' lang='lat' dir='ltr'><strong>doctls·</strong></span> <span class='ocrx_word' id='word_1_602' title='bbox 1099 5206 1164 5256; x_wconf 83' lang='lat' dir='ltr'><strong>nus,</strong></span> <span class='ocrx_word' id='word_1_603' title='bbox 1184 5205 1217 5247; x_wconf 85' lang='lat' dir='ltr'><strong>ea</strong></span> <span class='ocrx_word' id='word_1_604' title='bbox 1232 5192 1293 5246; x_wconf 89' lang='lat' dir='ltr'><strong>aliis</strong></span> <span class='ocrx_word' id='word_1_605' title='bbox 1314 5191 1381 5246; x_wconf 91' lang='lat' dir='ltr'><strong>loeis</strong></span> <span class='ocrx_word' id='word_1_606' title='bbox 1394 5193 1448 5247; x_wconf 90' lang='lat' dir='ltr'><strong>noti</strong></span> <span class='ocrx_word' id='word_1_607' title='bbox 1463 5198 1542 5255; x_wconf 87' lang='lat' dir='ltr'><strong>stitit;</strong></span> <span class='ocrx_word' id='word_1_608' title='bbox 1559 5189 1694 5263; x_wconf 75' lang='lat' dir='ltr'><strong>llyroois,</strong></span> <span class='ocrx_word' id='word_1_609' title='bbox 1713 5186 1843 5261; x_wconf 76' lang='lat' dir='ltr'><strong>Lympidii</strong></span> <span class='ocrx_word' id='word_1_610' title='bbox 1858 5196 1885 5243; x_wconf 85' lang='lat' dir='ltr'><strong>sl</strong></span> 
     </span>
     <span class='ocr_line' id='line_1_98' title="bbox 261 5252 1885 5334; baseline 0.002 -27"><span class='ocrx_word' id='word_1_611' title='bbox 261 5266 442 5320; x_wconf 86' lang='lat' dir='ltr'><strong>sonorumque</strong></span> <span class='ocrx_word' id='word_1_612' title='bbox 461 5265 579 5307; x_wconf 82' lang='lat' dir='ltr'><strong>virorum</strong></span> <span class='ocrx_word' id='word_1_613' title='bbox 594 5266 711 5334; x_wconf 84' lang='lat' dir='ltr'><strong>errorem</strong></span> <span class='ocrx_word' id='word_1_614' title='bbox 732 5252 883 5322; x_wconf 73' lang='lat' dir='ltr'><strong>redarguit,</strong></span> <span class='ocrx_word' id='word_1_615' title='bbox 904 5256 950 5325; x_wconf 89' lang='lat' dir='ltr'><strong>qni</strong></span> <span class='ocrx_word' id='word_1_616' title='bbox 967 5257 1049 5314; x_wconf 83' lang='lat' dir='ltr'><strong>Juve-</strong></span> <span class='ocrx_word' id='word_1_617' title='bbox 1099 5260 1212 5327; x_wconf 87' lang='lat' dir='ltr'><strong>blariui,</strong></span> <span class='ocrx_word' id='word_1_618' title='bbox 1234 5275 1305 5317; x_wconf 90' lang='lat' dir='ltr'><strong>nunc</strong></span> <span class='ocrx_word' id='word_1_619' title='bbox 1318 5262 1432 5329; x_wconf 86' lang='lat' dir='ltr'><strong>primuni</strong></span> <span class='ocrx_word' id='word_1_620' title='bbox 1446 5262 1553 5316; x_wconf 88' lang='lat' dir='ltr'><strong>nomina</strong></span> <span class='ocrx_word' id='word_1_621' title='bbox 1576 5261 1757 5318; x_wconf 82' lang='lat' dir='ltr'><strong>celebrantur.</strong></span> <span class='ocrx_word' id='word_1_622' title='bbox 1769 5258 1885 5328; x_wconf 87' lang='lat' dir='ltr'><strong>itemque</strong></span> 
     </span>
     <span class='ocr_line' id='line_1_99' title="bbox 261 5320 1883 5406; baseline 0.002 -30"><span class='ocrx_word' id='word_1_623' title='bbox 261 5321 336 5376; x_wconf 90' lang='lat' dir='ltr'><strong>uales</strong></span> <span class='ocrx_word' id='word_1_624' title='bbox 350 5321 428 5375; x_wconf 92' lang='lat' dir='ltr'><strong>ludos</strong></span> <span class='ocrx_word' id='word_1_625' title='bbox 450 5321 501 5375; x_wconf 91' lang='lat' dir='ltr'><strong>lioc</strong></span> <span class='ocrx_word' id='word_1_626' title='bbox 513 5320 572 5403; x_wconf 82' lang='lat' dir='ltr'><strong>loeo</strong></span> <span class='ocrx_word' id='word_1_627' title='bbox 586 5330 710 5402; x_wconf 77' lang='lat' dir='ltr'><strong>suspicati</strong></span> <span class='ocrx_word' id='word_1_628' title='bbox 724 5333 803 5405; x_wconf 64' lang='lat' dir='ltr'><strong>sunu</strong></span> <span class='ocrx_word' id='word_1_629' title='bbox 815 5338 878 5406; x_wconf 80' lang='lat' dir='ltr'><strong>cuin</strong></span> <span class='ocrx_word' id='word_1_630' title='bbox 893 5325 1047 5405; x_wconf 77' lang='lat' dir='ltr'><strong>iitcmioisse</strong></span> <span class='ocrx_word' id='word_1_631' title='bbox 1077 5329 1167 5385; x_wconf 83' lang='lat' dir='ltr'><strong>Liuii</strong></span> <span class='ocrx_word' id='word_1_632' title='bbox 1188 5331 1297 5400; x_wconf 78' lang='lat' dir='ltr'><strong>insiqnls</strong></span> <span class='ocrx_word' id='word_1_633' title='bbox 1316 5331 1374 5399; x_wconf 81' lang='lat' dir='ltr'><strong>ejus</strong></span> <span class='ocrx_word' id='word_1_634' title='bbox 1395 5331 1444 5386; x_wconf 82' lang='lat' dir='ltr'><strong>acii</strong></span> <span class='ocrx_word' id='word_1_635' title='bbox 1468 5341 1569 5401; x_wconf 73' lang='lat' dir='ltr'><strong>poetae,</strong></span> <span class='ocrx_word' id='word_1_636' title='bbox 1595 5346 1673 5401; x_wconf 91' lang='lat' dir='ltr'><strong>quem</strong></span> <span class='ocrx_word' id='word_1_637' title='bbox 1696 5329 1784 5384; x_wconf 88' lang='lat' dir='ltr'><strong>laudat</strong></span> <span class='ocrx_word' id='word_1_638' title='bbox 1805 5340 1883 5382; x_wconf 85' lang='lat' dir='ltr'><strong>enain</strong></span> 
     </span>
     <span class='ocr_line' id='line_1_100' title="bbox 261 5389 1886 5475; baseline 0.004 -31"><span class='ocrx_word' id='word_1_639' title='bbox 261 5399 390 5473; x_wconf 78' lang='lat' dir='ltr'><strong>praterea</strong></span> <span class='ocrx_word' id='word_1_640' title='bbox 410 5389 553 5472; x_wconf 77' lang='lat' dir='ltr'><strong>debuerint</strong></span> <span class='ocrx_word' id='word_1_641' title='bbox 565 5390 702 5472; x_wconf 74' lang='lat' dir='ltr'><strong>iuuenalta</strong></span> <span class='ocrx_word' id='word_1_642' title='bbox 723 5391 825 5475; x_wconf 77' lang='lat' dir='ltr'><strong>diuersi</strong></span> <span class='ocrx_word' id='word_1_643' title='bbox 844 5409 859 5447; x_wconf 91' lang='lat' dir='ltr'><strong>a</strong></span> <span class='ocrx_word' id='word_1_644' title='bbox 881 5397 1047 5453; x_wconf 83' lang='lat' dir='ltr'><strong>circensibus</strong></span> <span class='ocrx_word' id='word_1_645' title='bbox 1098 5410 1191 5456; x_wconf 87' lang='lat' dir='ltr'><strong>auctor</strong></span> <span class='ocrx_word' id='word_1_646' title='bbox 1204 5400 1264 5455; x_wconf 76' lang='lat' dir='ltr'><strong>ritu</strong></span> <span class='ocrx_word' id='word_1_647' title='bbox 1279 5399 1370 5455; x_wconf 87' lang='lat' dir='ltr'><strong>llilarll</strong></span> <span class='ocrx_word' id='word_1_648' title='bbox 1385 5399 1563 5469; x_wconf 75' lang='lat' dir='ltr'><strong>Arelatensis,</strong></span> <span class='ocrx_word' id='word_1_649' title='bbox 1575 5416 1637 5456; x_wconf 86' lang='lat' dir='ltr'><strong>eisin</strong></span> <span class='ocrx_word' id='word_1_650' title='bbox 1650 5399 1746 5456; x_wconf 88' lang='lat' dir='ltr'><strong>iiilarli</strong></span> <span class='ocrx_word' id='word_1_651' title='bbox 1759 5399 1886 5469; x_wconf 81' lang='lat' dir='ltr'><strong>eloquen-</strong></span> 
     </span>
     <span class='ocr_line' id='line_1_101' title="bbox 260 5460 1883 5543; baseline 0.007 -31"><span class='ocrx_word' id='word_1_652' title='bbox 260 5474 369 5543; x_wconf 72' lang='lat' dir='ltr'><strong>qnnerts</strong></span> <span class='ocrx_word' id='word_1_653' title='bbox 378 5460 455 5543; x_wconf 80' lang='lat' dir='ltr'><strong>ludos</strong></span> <span class='ocrx_word' id='word_1_654' title='bbox 470 5462 559 5542; x_wconf 74' lang='lat' dir='ltr'><strong>luisse.</strong></span> <span class='ocrx_word' id='word_1_655' title='bbox 575 5460 711 5542; x_wconf 76' lang='lat' dir='ltr'><strong>luvenalis</strong></span> <span class='ocrx_word' id='word_1_656' title='bbox 724 5476 788 5533; x_wconf 80' lang='lat' dir='ltr'><strong>erqo</strong></span> <span class='ocrx_word' id='word_1_657' title='bbox 799 5461 908 5519; x_wconf 76' lang='lat' dir='ltr'><strong>Sidonio</strong></span> <span class='ocrx_word' id='word_1_658' title='bbox 919 5466 1046 5522; x_wconf 89' lang='lat' dir='ltr'><strong>dicuntur</strong></span> <span class='ocrx_word' id='word_1_659' title='bbox 1098 5469 1161 5523; x_wconf 89' lang='lat' dir='ltr'><strong>tiam</strong></span> <span class='ocrx_word' id='word_1_660' title='bbox 1178 5469 1345 5537; x_wconf 79' lang='lat' dir='ltr'><strong>peritissimis</strong></span> <span class='ocrx_word' id='word_1_661' title='bbox 1357 5470 1395 5523; x_wconf 90' lang='lat' dir='ltr'><strong>ait</strong></span> <span class='ocrx_word' id='word_1_662' title='bbox 1410 5478 1473 5526; x_wconf 88' lang='lat' dir='ltr'><strong>tune</strong></span> <span class='ocrx_word' id='word_1_663' title='bbox 1484 5472 1613 5537; x_wconf 86' lang='lat' dir='ltr'><strong>temporis</strong></span> <span class='ocrx_word' id='word_1_664' title='bbox 1626 5470 1781 5526; x_wconf 87' lang='lat' dir='ltr'><strong>auctoribus</strong></span> <span class='ocrx_word' id='word_1_665' title='bbox 1793 5467 1883 5524; x_wconf 67' lang='lat' dir='ltr'><strong>seculi</strong></span> 
     </span>
     <span class='ocr_line' id='line_1_102' title="bbox 259 5531 1884 5612; baseline 0.008 -31"><span class='ocrx_word' id='word_1_666' title='bbox 259 5533 405 5611; x_wconf 75' lang='lat' dir='ltr'><strong>pitriiiba,</strong></span> <span class='ocrx_word' id='word_1_667' title='bbox 425 5531 555 5612; x_wconf 72' lang='lat' dir='ltr'><strong>iuuenilis·</strong></span> <span class='ocrx_word' id='word_1_668' title='bbox 571 5536 657 5611; x_wconf 76' lang='lat' dir='ltr'><strong>sitatis</strong></span> <span class='ocrx_word' id='word_1_669' title='bbox 679 5532 775 5586; x_wconf 85' lang='lat' dir='ltr'><strong>studia.</strong></span> <span class='ocrx_word' id='word_1_670' title='bbox 803 5532 949 5603; x_wconf 85' lang='lat' dir='ltr'><strong>iltruuique</strong></span> <span class='ocrx_word' id='word_1_671' title='bbox 971 5538 1042 5593; x_wconf 84' lang='lat' dir='ltr'><strong>enim</strong></span> <span class='ocrx_word' id='word_1_672' title='bbox 1097 5539 1311 5608; x_wconf 86' lang='lat' dir='ltr'><strong>desperationem</strong></span> <span class='ocrx_word' id='word_1_673' title='bbox 1332 5539 1462 5597; x_wconf 87' lang='lat' dir='ltr'><strong>intulisse.</strong></span> <span class='ocrx_word' id='word_1_674' title='bbox 1478 5539 1511 5595; x_wconf 89' lang='lat' dir='ltr'><strong>lii</strong></span> <span class='ocrx_word' id='word_1_675' title='bbox 1524 5544 1638 5605; x_wconf 73' lang='lat' dir='ltr'><strong>tontum,</strong></span> <span class='ocrx_word' id='word_1_676' title='bbox 1654 5540 1755 5611; x_wconf 88' lang='lat' dir='ltr'><strong>inquit,</strong></span> <span class='ocrx_word' id='word_1_677' title='bbox 1769 5538 1884 5609; x_wconf 76' lang='lat' dir='ltr'><strong>attejas</strong></span> 
     </span>
     <span class='ocr_line' id='line_1_103' title="bbox 262 5600 1921 5684; baseline 0.007 -35"><span class='ocrx_word' id='word_1_678' title='bbox 262 5616 410 5684; x_wconf 68' lang='lat' dir='ltr'><strong>primusque</strong></span> <span class='ocrx_word' id='word_1_679' title='bbox 425 5600 579 5683; x_wconf 79' lang='lat' dir='ltr'><strong>scrtbcbiiit</strong></span> <span class='ocrx_word' id='word_1_680' title='bbox 595 5601 754 5682; x_wconf 75' lang='lat' dir='ltr'><strong>antiquarii;</strong></span> <span class='ocrx_word' id='word_1_681' title='bbox 774 5611 802 5657; x_wconf 93' lang='lat' dir='ltr'><strong>ct</strong></span> <span class='ocrx_word' id='word_1_682' title='bbox 820 5603 889 5673; x_wconf 90' lang='lat' dir='ltr'><strong>apud</strong></span> <span class='ocrx_word' id='word_1_683' title='bbox 906 5606 1042 5662; x_wconf 85' lang='lat' dir='ltr'><strong>Sidonium</strong></span> <span class='ocrx_word' id='word_1_684' title='bbox 1097 5609 1249 5677; x_wconf 85' lang='lat' dir='ltr'><strong>temporibus</strong></span> <span class='ocrx_word' id='word_1_685' title='bbox 1264 5609 1352 5663; x_wconf 87' lang='lat' dir='ltr'><strong>Litios</strong></span> <span class='ocrx_word' id='word_1_686' title='bbox 1368 5620 1441 5680; x_wconf 81' lang='lat' dir='ltr'><strong>poeto</strong></span> <span class='ocrx_word' id='word_1_687' title='bbox 1458 5620 1580 5665; x_wconf 79' lang='lat' dir='ltr'><strong>cluuitor</strong></span> <span class='ocrx_word' id='word_1_688' title='bbox 1593 5613 1700 5681; x_wconf 85' lang='lat' dir='ltr'><strong>iusiqnis</strong></span> <span class='ocrx_word' id='word_1_689' title='bbox 1712 5610 1813 5681; x_wconf 78' lang='lat' dir='ltr'><strong>publice</strong></span> <span class='ocrx_word' id='word_1_690' title='bbox 1825 5625 1884 5678; x_wconf 86' lang='lat' dir='ltr'><strong>pru·</strong></span> <span class='ocrx_word' id='word_1_691' title='bbox 1917 5644 1921 5653; x_wconf 81' lang='lat'><strong>,</strong></span> 
     </span>
     <span class='ocr_line' id='line_1_104' title="bbox 261 5671 1886 5752; baseline 0.006 -30"><span class='ocrx_word' id='word_1_692' title='bbox 261 5684 347 5749; x_wconf 71' lang='lat' dir='ltr'><strong>tirsum</strong></span> <span class='ocrx_word' id='word_1_693' title='bbox 359 5672 407 5727; x_wconf 91' lang='lat' dir='ltr'><strong>bb.</strong></span> <span class='ocrx_word' id='word_1_694' title='bbox 423 5681 539 5752; x_wconf 68' lang='lat' dir='ltr'><strong>i,·cpist3</strong></span> <span class='ocrx_word' id='word_1_695' title='bbox 554 5672 586 5733; x_wconf 72' lang='lat'><strong>2,</strong></span> <span class='ocrx_word' id='word_1_696' title='bbox 596 5671 711 5742; x_wconf 78' lang='lat' dir='ltr'><strong>jiiusnult</strong></span> <span class='ocrx_word' id='word_1_697' title='bbox 726 5671 832 5738; x_wconf 80' lang='lat' dir='ltr'><strong>rubeis,</strong></span> <span class='ocrx_word' id='word_1_698' title='bbox 845 5689 900 5729; x_wconf 91' lang='lat' dir='ltr'><strong>nou</strong></span> <span class='ocrx_word' id='word_1_699' title='bbox 914 5675 1041 5745; x_wconf 80' lang='lat' dir='ltr'><strong>juvenili3</strong></span> <span class='ocrx_word' id='word_1_700' title='bbox 1096 5679 1238 5733; x_wconf 84' lang='lat' dir='ltr'><strong>clamaret:</strong></span> <span class='ocrx_word' id='word_1_701' title='bbox 1254 5678 1284 5734; x_wconf 90' lang='lat' dir='ltr'><strong>Si</strong></span> <span class='ocrx_word' id='word_1_702' title='bbox 1295 5676 1452 5751; x_wconf 81' lang='lat' dir='ltr'><strong>Anquslimis</strong></span> <span class='ocrx_word' id='word_1_703' title='bbox 1463 5691 1519 5752; x_wconf 85' lang='lat' dir='ltr'><strong>pest</strong></span> <span class='ocrx_word' id='word_1_704' title='bbox 1531 5680 1663 5738; x_wconf 82' lang='lat' dir='ltr'><strong>Hilarium</strong></span> <span class='ocrx_word' id='word_1_705' title='bbox 1673 5682 1775 5752; x_wconf 68' lang='lat' dir='ltr'><strong>laicus,</strong></span> <span class='ocrx_word' id='word_1_706' title='bbox 1782 5681 1886 5751; x_wconf 80' lang='lat' dir='ltr'><strong>judico·</strong></span> 
     </span>
     <span class='ocr_line' id='line_1_105' title="bbox 261 5739 1294 5867; baseline 0.013 -76"><span class='ocrx_word' id='word_1_707' title='bbox 261 5739 307 5793; x_wconf 93' lang='lat' dir='ltr'><strong>lib.</strong></span> <span class='ocrx_word' id='word_1_708' title='bbox 323 5756 358 5806; x_wconf 90' lang='lat' dir='ltr'><strong>tii,</strong></span> <span class='ocrx_word' id='word_1_709' title='bbox 373 5743 416 5806; x_wconf 75' lang='lat' dir='ltr'><strong>ib,</strong></span> <span class='ocrx_word' id='word_1_710' title='bbox 426 5741 539 5811; x_wconf 62' lang='lat' dir='ltr'><strong>meconii</strong></span> <span class='ocrx_word' id='word_1_711' title='bbox 559 5741 683 5805; x_wconf 83' lang='lat' dir='ltr'><strong>iiiiiltste,¹</strong></span> <span class='ocrx_word' id='word_1_712' title='bbox 707 5741 783 5867; x_wconf 56' lang='grc' dir='ltr'><strong>ἔω</strong></span> <span class='ocrx_word' id='word_1_713' title='bbox 799 5743 844 5797; x_wconf 87' lang='lat' dir='ltr'><strong>lib.</strong></span> <span class='ocrx_word' id='word_1_714' title='bbox 861 5759 898 5809; x_wconf 85' lang='grc' dir='ltr'><strong>ιι,</strong></span> <span class='ocrx_word' id='word_1_715' title='bbox 914 5748 942 5813; x_wconf 81' lang='lat' dir='ltr'><strong>tl,</strong></span> <span class='ocrx_word' id='word_1_716' title='bbox 958 5746 1044 5818; x_wconf 72' lang='lat' dir='ltr'><strong>suelli·</strong></span> <span class='ocrx_word' id='word_1_717' title='bbox 1096 5757 1163 5804; x_wconf 83' lang='lat' dir='ltr'><strong>retati</strong></span> <span class='ocrx_word' id='word_1_718' title='bbox 1178 5749 1294 5819; x_wconf 72' lang='lat' dir='ltr'><strong>inferior.</strong></span> 
     </span>
     <span class='ocr_line' id='line_1_106' title="bbox 260 5806 916 5892; baseline 0.012 -28"><span class='ocrx_word' id='word_1_719' title='bbox 260 5817 311 5866; x_wconf 85' lang='lat' dir='ltr'><strong>tots</strong></span> <span class='ocrx_word' id='word_1_720' title='bbox 319 5810 437 5880; x_wconf 68' lang='grc' dir='ltr'><strong>1ιἰιιιιιιιιι·</strong></span> <span class='ocrx_word' id='word_1_721' title='bbox 450 5810 577 5892; x_wconf 86' lang='lat' dir='ltr'><strong>scriptum</strong></span> <span class='ocrx_word' id='word_1_722' title='bbox 591 5820 633 5868; x_wconf 90' lang='lat' dir='ltr'><strong>est</strong></span> <span class='ocrx_word' id='word_1_723' title='bbox 644 5811 671 5868; x_wconf 90' lang='lat' dir='ltr'><strong>iii</strong></span> <span class='ocrx_word' id='word_1_724' title='bbox 687 5806 705 5869; x_wconf 90' lang='lat' dir='ltr'><strong>ii</strong></span> <span class='ocrx_word' id='word_1_725' title='bbox 726 5814 762 5869; x_wconf 89' lang='lat' dir='ltr'><strong>ris</strong></span> <span class='ocrx_word' id='word_1_726' title='bbox 775 5812 916 5884; x_wconf 82' lang='lat' dir='ltr'><strong>plerisque.</strong></span> 
     </span>
    </p>
   </div>
   <div class='ocr_carea' id='block_1_21' title="bbox 0 0 2036 6344">
    <p class='ocr_par' dir='ltr' id='par_1_33' title="bbox 0 0 2036 6344">
     <span class='ocr_line' id='line_1_107' title="bbox 0 0 2036 6344; baseline 0 0"><span class='ocrx_word' id='word_1_727' title='bbox 0 0 2036 6344; x_wconf 95' lang='lat' dir='ltr'><strong> </strong></span> 
     </span>
    </p>
   </div>
  </div>
 </body>
</html>
