4080 6348
251 348 306 410 059

288 459 401 523 inssisti¹
410 456 515 531 placido
525 456 611 513 uictor
623 463 652 510 ut
662 466 750 511 essem
764 453 865 521 animo,

255 553 359 612 Serviat
368 564 432 620 ergo
447 547 493 605 tibi
506 544 605 603 serrati
618 544 707 617 lingua
722 552 817 616 poetar,

199 704 205 713 ,
290 638 377 717 Atque
392 654 458 696 meae
473 638 534 694 vitm
547 637 659 693 iaustua
674 639 710 693 sit
725 636 850 709 pretium.

257 736 315 793 lion
330 748 379 805 ego
392 729 510 787 mordaci
525 728 625 785 lodium
639 726 720 784 ruodo
730 729 811 785 dente
826 727 972 796 Maronem,

292 827 347 883 Nec
358 824 445 880 ciuem
458 835 577 891 carpam,
593 827 664 876 terra
682 818 800 887 Sabella,
816 828 902 874 ιιιιιιιι.

258 898 312 978 lies
326 918 413 975 minor
423 914 531 987 iogenIo
544 914 633 979 nobis,
644 912 807 969 sedCecsare
821 910 926 981 major:

296 1010 408 1065 Vincunt
419 1007 536 1078 eloquio,
552 1004 696 1061 dummodo
708 1018 758 1061 nos
772 1003 892 1059 domiuo.

560 1143 702 1201 chunuti
721 1143 754 1198 ll.

260 1275 438 1321 presumens
446 1273 521 1316 ructo
530 1272 646 1314 rsurnm
657 1271 804 1314 umontauo
813 1268 933 1313 anuosro
944 1268 1047 1311 nunnus.

295 1376 414 1447 Concipe
424 1374 585 1447 praeteritos,
601 1373 763 1442 respublica,
779 1380 868 1429 mente
881 1373 1048 1442 triumphos:

262 1468 406 1540 tmperium
419 1467 474 1538 jam
488 1464 582 1522 consul
597 1464 687 1531 habet,
700 1477 780 1536 puem
794 1477 912 1539 purpura
922 1478 976 1520 nou
988 1462 1049 1536 plus

261 1562 346 1631 Quam
362 1559 443 1615 lorica
458 1557 556 1629 operit,
572 1558 648 1626 culus
661 1555 811 1614 diademata
825 1555 941 1614 irontenr

261 1653 319 1709 Non
334 1653 397 1709 luxu
408 1650 457 1708 sed
468 1650 529 1723 lege
541 1658 645 1723 tegunt,
660 1651 815 1721 meritisque
829 1651 953 1707 laborum

262 1744 326 1800 Post
338 1743 454 1815 palmam
469 1741 586 1814 palmata
599 1741 692 1799 uenit:
708 1741 805 1800 decora
820 1742 909 1798 omnia
921 1743 997 1812 regni

885 340 1007 401 stuuuu
1028 334 1252 396 uruntttttnls

1058 455 1083 514 Α
1099 450 1260 521 Martigenas
1275 456 1303 507 et
1316 448 1384 520 picta
1398 448 1487 514 timet3
1503 459 1566 518 pars
1579 443 1700 518 proxime
1711 443 1817 502 Tibrim

1837 331 1898 388 CCC

1098 547 1246 616 Exprimite
1263 544 1306 601 hic
1319 544 1408 623 scabri
1424 543 1501 600 tusus
1515 544 1566 599 sub
1579 543 1685 615 pumice
1695 542 1781 613 tophi,

1097 637 1234 694 Prossabat
1245 637 1379 694 madidum
1394 650 1443 709 per
1457 642 1564 706 guttura
1576 636 1670 706 glauca
1684 649 1822 706 soporem.

1098 727 1194 787 Pectus
1208 729 1279 799 palla
1294 727 1369 799 tegit,
1384 741 1464 798 quam
1477 735 1586 782 uenerat
1602 725 1648 781 llia
1663 725 1771 797 conjux,

1099 821 1221 895 Liquenti
1234 835 1294 893 pum
1306 822 1398 893 juncta
1413 831 1473 876 toro
1486 819 1541 874 uult
1556 834 1693 875 murmura
1706 818 1825 891 irmpbis

1099 912 1214 980 Tollere,
1229 921 1257 967 et
1269 910 1364 968 undosi
1378 900 1501 969 somnum
1515 924 1628 966 serrare
1644 910 1744 966 rnnarlti.

1098 1004 1149 1060 ista
1164 1003 1263 1061 micant
1273 1004 1384 1076 elype03
1396 1001 1485 1073 cuspis
1499 1003 1574 1057 trabe
1589 1002 1675 1074 surgit
1684 1002 1797 1072 eburna,

1100 1097 1180 1154 Chris
1195 1096 1268 1154 ende
1279 1099 1366 1152 uirium
1380 1102 1508 1166 :propter
1527 1094 1640 1150 Berloua
1657 1103 1788 1166 tropaeum

1100 1189 1227 1255 Exstruit,
1246 1196 1272 1244 et
1285 1201 1413 1257 quercum
1427 1185 1532 1256 captiuo
1545 1186 1665 1256 pondere
1677 1194 1783 1245 currat

1100 1283 1242 1354 Consurgit
1256 1282 1352 1337 solium
1366 1281 1449 1348 suris,
1463 1294 1523 1351 quse
1535 1295 1603 1336 cusa
1614 1280 1719 1337 rubenti

1100 1364 1253 1445 AEthlopun'u
1267 1372 1403 1429 demente
1417 1372 1525 1440 eadunt,
1539 1372 1584 1427 ubi
1597 1371 1654 1429 soie
1668 1371 1821 1444 propinquo

1101 1468 1194 1525 Nativa
1205 1476 1314 1526 crustas
1325 1466 1426 1523 alliarit
1440 1480 1556 1538 purpura
1572 1480 1663 1536 rupes.

1101 1562 1225 1632 iungitur
1234 1559 1279 1616 hic
1291 1559 1399 1626 Sinnns,
1411 1557 1561 1615 Numaduuu
1576 1558 1643 1628 lapis
1657 1556 1764 1614 additur
1777 1557 1859 1614 isthic

1102 1656 1247 1728 Antiquom
1260 1654 1389 1712 mentitus
1404 1653 1489 1711 ebur:
1506 1661 1567 1726 post
1580 1661 1657 1710 caute
1670 1652 1805 1710 Laeonum

1101 1747 1239 1806 ilarmoris
1253 1746 1361 1805 herbosi
1375 1747 1484 1805 radiens
1494 1746 1633 1803 interviret
1644 1745 1721 1803 ordo.

262 1834 441 1892 Accumulant
454 1833 551 1900 lauces,
561 1842 589 1891 ot
604 1834 754 1906 *princeps
768 1835 878 1891 consule
891 1834 997 1892 crosolt.
1063 1834 1088 1895 li
1119 1900 1123 1907 ‚
1135 1841 1206 1913 Ergo
1220 1846 1250 1895 ut
1259 1854 1290 1897 se
1302 1839 1417 1897 mediam
1429 1837 1498 1895 solio
1512 1836 1596 1905 dedit,
1611 1836 1718 1894 aduolat
1731 1839 1820 1895 omnis

263 1927 394 1985 Personat
404 1941 469 1998 ergo
481 1936 555 1983 tuum
566 1927 647 1995 celo,
662 1940 735 1997 rure,
747 1926 869 1996 urbibus,
884 1925 973 1995 undis,

263 2020 408 2079 Exsultans
417 2019 525 2092 Europe
537 2020 646 2090 sophos,
661 2020 731 2092 quod
744 2028 833 2076 rector
844 2019 961 2086 haberis,

263 2112 356 2169 Victor
368 2111 415 2183 qui
428 2109 536 2169 iueras:
553 2112 650 2178 tateor,
665 2111 843 2183 trepidaverat
853 2112 938 2179 orbis,

262 2205 331 2261 burn
345 2220 399 2262 nou
409 2204 452 2262 ris
463 2204 561 2262 risisse
575 2204 632 2274 tibi,
649 2206 785 2277 nimioque
797 2206 901 2277 pudore

262 2298 340 2368 Quod
348 2314 460 2372 munus
473 2313 594 2356 mereare
604 2299 698 2368 doles,
714 2300 835 2371 tristique
849 2299 955 2370 repulsa

263 2390 411 2464 COENPP
422 2386 586 2447 moderanda
600 2391 684 2461 subis,
693 2405 753 2462 quae
763 2389 932 2448 defendenda
942 2391 1052 2463 putasti.

299 2480 314 2520 l
330 2481 443 2538 Sederat
456 2491 564 2537 exserto
578 2480 700 2536 bellatrix
713 2491 822 2552 pectore
836 2481 921 2537 Roma

264 2570 408 2628 Cristatum
423 2571 517 2625 turrita
531 2579 621 2640 caput,
636 2571 678 2624 cui
693 2585 762 2640 pone
776 2572 868 2641 capaci

264 2664 376 2720 Casside
388 2665 527 2736 prolapsus
540 2663 675 2735 perlundlt
689 2674 763 2738 terga
777 2666 899 2737 capillus.

266 2754 397 2811 Laetitiam
411 2770 527 2813 censure
541 2766 643 2824 manet,
660 2767 799 2828 terrorque
815 2759 915 2827 pudore

265 2843 378 2912 Crescit,
395 2856 422 2901 et
435 2846 517 2902 inulta
531 2856 639 2917 superat
653 2847 754 2906 uirtute
768 2856 903 2906 uenustas.

265 2933 411 2992 0ssrteolur
426 2935 497 3006 pepli
510 2944 607 3002 textus,
623 2953 702 3008 quem
719 2938 799 2995 dbnla
816 2948 886 2996 torto

264 3028 375 3086 llordax
389 3028 470 3085 dente
481 3034 557 3085 rorat
572 3046 579 3084 r
592 3038 654 3087 tune
667 3031 796 3104 quidquid
807 3048 923 3089 mamma
936 3032 1055 3091 refundit

265 3121 411 3193 Tegmiuis,
425 3120 478 3178 hoc
492 3124 583 3192 patulo
596 3124 730 3180 eorucludit
744 3142 849 3198 gemma
864 3142 983 3187 recessu.

265 3213 334 3272 ilinc
348 3215 425 3272 luleit
434 3215 531 3271 rutilus
540 3218 659 3287 spatioso
671 3218 762 3274 circite
774 3220 870 3275 laeuum

265 3304 353 3363 limbo
365 3306 434 3361 latus
445 3323 452 3360 :
464 3306 557 3362 rideas
571 3306 614 3363 hie
627 3321 718 3364 crasso
731 3308 789 3365 tusa
803 3311 911 3368 metallo

265 3395 350 3455 Antra
361 3398 454 3464 Rheae,
467 3396 602 3468 lotamque
616 3398 717 3470 lupam,
732 3415 811 3472 quam
826 3403 902 3462 tauce
913 3410 1014 3463 retecta

266 3487 387 3545 Btandiri
401 3500 507 3558 quoque
521 3495 610 3545 terror
621 3496 689 3558 erat,
705 3506 856 3563 quanquam
869 3495 914 3551 tila
924 3509 1020 3554 rorare

301 3640 635 3719 ‘lnpauegyrtcohritla

443 3738 553 3790 Emerita
564 3739 655 3790 trabeis
665 3738 801 3793 diademata
812 3753 935 3798 meocuut.

268 3845 446 3916 imperatores
460 3843 543 3909 euim,
566 3856 628 3899 cunr
647 3850 759 3901 macras
779 3847 921 3917 dignitates
944 3850 1012 3907 intra
1027 3866 1057 3910 se

268 3916 407 3980 ducerent,
423 3916 579 3971 consulatus
593 3924 681 3971 tamen
695 3915 793 3972 intutas
807 3935 859 3974 non
873 3922 958 3976 solum
972 3921 1056 3978 tortur-

267 4001 381 4043 nesure
402 4000 559 4055 congruere,
583 3985 629 4042 sed
645 3989 745 4042 nomini
760 4004 867 4060 quoqne
881 3994 1012 4060 burgustn,
1028 4002 1055 4048 nt

269 4055 467 4113 Valentinianus
476 4057 502 4112 in
511 4057 617 4112 Novella
626 4056 659 4112 ad
670 4059 823 4129 Sporatium
837 4063 962 4133 loqrnitur,
973 4064 1056 4119 deruis

227 4148 241 4177 ι
268 4127 368 4184 addere
381 4126 575 4183 existimarunt.
598 4125 661 4183 tdeo
683 4128 752 4184 huno
774 4131 862 4186 solum
883 4147 915 4188 er
932 4136 1056 4191 omuibus

268 4198 448 4256 assumebant.
461 4197 622 4253 Claudianus
635 4196 662 4252 in
676 4199 830 4270 Eutropium
842 4203 855 4256 t
871 4221 877 4254 :

575 4329 647 4382 Huius
658 4333 745 4394 aectplt
752 4344 827 4383 uuum

328 4386 568 4451 holamugistratum
581 4404 588 4438 t
602 4393 953 4457 roblsprtrtbuaguerseutrit

328 4449 377 4499 iilo
386 4448 496 4501 alternus
509 4452 595 4502 honos.

268 4570 396 4633 Libanius
409 4575 501 4632 rhetor
515 4578 540 4632 in
556 4577 708 4634 lulianum:
718 4580 785 4641 urina
799 4583 849 4665 peip
863 4580 907 4642 uide
919 4592 998 4655 rupee
1017 4566 1098 4643 sall)

268 4640 391 4773 Rursum
400 4649 497 4723 ἥρμοσε
508 4646 590 4740 τύχῃ.
602 4648 724 4706 Julianus
735 4651 791 4720 ipse
800 4667 828 4708 m
838 4654 962 4710 encomio
973 4655 1058 4713 Euse-

287 4716 320 4773 iae
346 4720 471 4788 augustae
489 4736 496 4773 ι
516 4726 582 4777 oper
599 4719 721 4785 ἰδιώτης,
736 4719 796 4779 οὔτι
811 4720 931 4796 parebis
955 4728 1024 4783 ierus
1043 4726 1058 4790 ui

268 4786 862 4919 simillimis
884 4794 1059 4867 ιιιιι·

452 4970 594 5024 Titulomue
605 4971 686 5023 levem
701 4977 817 5040 paruique
826 4977 925 5028 deeorls

346 5032 482 5097 Credimus,
496 5035 598 5099 Augusti
608 5047 659 5099 quo
669 5048 698 5086 se
707 5038 826 5089 deuorare
836 5038 960 5092 latentur?

304 5158 422 5217 eppmae
435 5176 551 5232 presepe
582 5163 674 5232 aphia,
691 5164 800 5236 elegans
814 5165 955 5237 imprimis,
977 5170 1055 5240 117
1069 5196 1072 5203 ⁴

1101 1934 1185 1991 'lerna
1199 1931 1295 1999 simul;
1308 1942 1364 1989 turn
1379 1945 1490 2003 quoque
1503 1944 1568 1986 suos
1578 1929 1716 2000 prouincia
1726 1929 1829 1985 lructus

1101 2024 1183 2096 310
1197 2021 1343 2094 Exposuit:
1354 2021 1406 2078 lert
1416 2019 1495 2076 ludus
1506 2019 1583 2087 ebur,
1591 2018 1734 2075 Chaldaeus
1743 2034 1894 2091 amomum,

1102 2116 1228 2189 Assyrius
1241 2127 1371 2186 gemmas,
1387 2112 1437 2170 Ser
1451 2112 1562 2179 uellera,
1579 2111 1656 2167 tluura
1667 2112 1790 2179 Saboeus,

1043 2250 1049 2259 -
1103 2209 1192 2268 hamis
1207 2211 1272 2275 mel,
1286 2207 1398 2265 Phoenix
1412 2206 1525 2277 palmas,
1538 2204 1713 2261 Lacedaemon
1726 2204 1839 2275 oiirum,

1105 2302 1213 2358 ebroas
1227 2315 1321 2371 equus,
1336 2298 1433 2370 Epirus
1447 2312 1540 2369 eques,
1558 2299 1681 2367 pecuaria
1693 2296 1797 2364 Cutius,

1103 2396 1184 2450 Arma
1198 2391 1326 2465 Chalybs,
1337 2389 1468 2446 truncata
1483 2388 1575 2461 Libys,
1590 2386 1743 2459 Campanus
1755 2386 1893 2459 iacobum,

1106 2490 1205 2544 burum
1221 2485 1320 2556 Lydius,
1336 2480 1423 2538 Arabs
1432 2483 1546 2554 gutiam,
1561 2479 1694 2536 Panchaia
1707 2479 1856 2551 myrrham,

1106 2583 1205 2638 Pontus
1218 2586 1351 2641 castorea,
1364 2574 1475 2630 blattam
1491 2572 1588 2644 Tyrus,
1602 2586 1655 2628 era
1665 2568 1820 2627 Corinthus.

1105 2671 1226 2731 Sardinia
1241 2677 1391 2738 argentum,
1402 2679 1484 2720 nares
1501 2662 1625 2734 ilispania
1638 2662 1734 2729 deiert,

1105 2753 1266 2820 d'llulminis
1280 2769 1308 2818 et
1321 2757 1453 2833 lapidem;
1464 2754 1589 2827 scopulos
1599 2753 1741 2825 jaculabile
1753 2753 1842 2825 lulgur

1105 2858 1198 2925 ducat,
1213 2864 1241 2911 et
1253 2867 1393 2909 accensum
1408 2851 1511 2906 silicem
1526 2848 1637 2905 secunda
1652 2847 1761 2903 maritat

1105 2950 1147 3006 lra
1158 2949 1236 3005 deum
1250 2964 1257 3000 ι
1270 2942 1481 3021 quotiescoeium
1495 2956 1525 2998 se
1538 2947 1688 2996 commoret
1697 2936 1762 3006 illic,

1105 3043 1168 3099 Plus
1181 3041 1217 3097 ibi
1233 3048 1303 3095 terra
1317 3037 1399 3093 valet.
1416 3046 1427 3074 ι
1441 3033 1535 3093 Subito
1548 3033 1615 3090 bens
1628 3031 1717 3088 Airiea
1731 3030 1821 3104 uigrm

1104 3131 1250 3191 Procubuit
1265 3130 1378 3185 lacerata
1393 3142 1484 3199 genas,
1500 3133 1528 3182 et
1540 3138 1640 3182 cernua
1654 3123 1769 3180 lrontem

1068 3211 1091 3275 C
1106 3226 1165 3283 tarn
1178 3222 1249 3279 male
1263 3218 1391 3277 iocundas
1404 3219 1431 3275 in
1445 3206 1637 3289 uertice'lregit
1649 3216 1755 3271 aristas.

1108 3314 1191 3371 Etsic
1203 3327 1262 3367 orsa
1274 3312 1345 3381 loqui
1356 3318 1398 3367 est
1414 3328 1420 3363 :
1439 3308 1521 3365 lenio
1535 3321 1597 3378 pars
1611 3305 1689 3361 tertia
1702 3303 1805 3370 mundi,

1107 3403 1201 3462 lnieilx
1216 3403 1293 3460 ieiice
1305 3417 1375 3466 uno,
1390 3400 1489 3455 famula
1504 3406 1577 3455 satus
1592 3396 1656 3454 oiim

1109 3497 1159 3554 liic
1173 3496 1275 3567 praedo,
1290 3503 1318 3551 et
1331 3493 1446 3550 dominis
1458 3491 1608 3559 exstinctis,
1623 3490 1736 3547 barbara
1749 3489 1848 3547 dudum

1144 3655 1288 3726 eVulgari,
1302 3654 1403 3724 Arpos:
1415 3650 1462 3709 sed
1476 3659 1597 3707 ueterum
1608 3650 1735 3707 librorum
1750 3662 1899 3714 consensus

1107 3727 1248 3784 Sidonium
1262 3724 1403 3780 errassent
1425 3725 1493 3779 sisse
1504 3721 1655 3791 persuadet.
1671 3720 1778 3792 Alioqui
1789 3721 1899 3778 laudan·

1107 3798 1152 3854 tur'
1162 3798 1242 3854 etism
1254 3796 1315 3867 equi
1330 3797 1368 3849 Ar
1387 3740 1459 3860 oCci,
1477 3804 1505 3848 ut
1516 3790 1649 3848 arcadici.
1662 3791 1758 3849 Strabo
1771 3791 1818 3847 tib.
1835 3806 1900 3853 rrrt:

1104 3868 1179 3926 Ἐστι
1200 3866 1227 3924 δὲ
1244 3870 1287 3923 και
1310 3866 1338 3923 τὸ
1354 3811 1425 3941 yber
1442 3872 1491 3922 τῶν
1510 3866 1597 3921 ἵππων
1654 3862 1661 3881 ’
1681 3884 1750 3920 toros
1767 3862 1899 3940 rd’hprra·

1106 3940 1188 4008 δικὸν,
1218 3941 1327 4013 ναθάπιρ
1349 3942 1391 3992 καὶ
1406 3938 1434 3993 τὸ
1448 3935 1597 4012 Ἀργολικὸν.
1617 3883 1791 3992 ffliomero
1813 3937 1900 4011 'tppte

1107 4012 1245 4135 ἰίτπόὅοῖιον
1259 4009 1367 4091 ὀὶιίιιιι,
1382 4009 1470 4069 instes
1480 4006 1569 4084 'Appie-
1580 4004 1712 4076 Euripidi,
1725 4013 1813 4078 uptttttt
1829 4004 1901 4077 eguit

1132 4099 1189 4135 ror
1228 4088 1323 4136 oratio.

1141 4098 1160 4191 g
1167 4150 1325 4208 Ceraunium
1333 4144 1646 4218 gemmamCleudianus
1654 4146 1682 4203 in
1691 4146 1769 4203 laude
1777 4142 1898 4205 Sensum.

1296 4324 1450 4385 Pyreuetque
1460 4323 1507 4374 snb
1515 4326 1592 4373 antris

1170 4385 1246 4450 lgneo
1256 4384 1380 4434 tulmineis
1389 4384 1478 4447 legere
1490 4386 1605 4434 eerauma
1617 4383 1743 4447 Nymphas.

1109 4530 1218 4587 Solinus
1236 4529 1411 4599 Polyhlstoris
1432 4543 1492 4597 cap.
1507 4528 1555 4591 dd,
1578 4537 1606 4584 et
1624 4528 1745 4584 isidorus
1757 4528 1899 4600 Originum

1111 4602 1155 4668 iti,
1167 4616 1221 4658 uun
1239 4601 1265 4655 in
1276 4598 1393 4672 Pyrenei
1405 4599 1486 4670 jugis,
1509 4599 1554 4657 sod
1570 4601 1595 4654 in
1609 4599 1745 4655 Lusitania
1769 4600 1821 4668 tegi
1844 4609 1902 4655 tra-

1111 4674 1187 4729 dunt.
1201 4671 1259 4728 Duo
1271 4674 1342 4728 enim
1363 4670 1463 4726 laeum
1481 4684 1580 4742 genera
1593 4670 1781 4726 cerauniorum
1795 4686 1802 4724 ι
1815 4684 1899 4728 unuru

1110 4744 1183 4815 pund
1195 4743 1335 4799 Carmania
1347 4741 1440 4805 mittit,
1450 4740 1686 4812 crystaltruaimiie,
1696 4741 1899 4811 praespicuitas

1111 4824 1200 4871 tamen
1213 4815 1339 4883 ceruleo,
1353 4823 1380 4869 et
1392 4811 1445 4868 surb
1457 4811 1502 4867 dio
1516 4811 1632 4881 positum
1641 4812 1813 4879 splendorem
1826 4812 1899 4882 rupit

1110 4885 1245 4952 siderum;
1260 4885 1375 4941 alterurn
1395 4898 1412 4938 e
1435 4883 1566 4937 lausitunis
1589 4882 1725 4951 llispaniue
1751 4882 1898 4950 littoribus,

1111 4956 1154 5011 eui
1167 4957 1241 5014 color
1254 4965 1294 5011 est
1308 4968 1393 5025 prope
1410 4953 1541 5009 rubentis.
1554 4952 1657 5009 illudit
1669 4952 1791 5006 Ruricius
1804 4953 1851 5008 lib.
1864 4968 1897 5019 rr,

1111 5027 1190 5096 epist.
1202 5026 1394 5083 iiCeraunim:
1405 5024 1439 5081 Ut
1449 5026 1538 5091 porus,
1548 5022 1643 5094 inpulit,
1655 5024 1795 5078 emundant
1804 5040 1898 5079 nomeu

1110 5107 1184 5152 tuum
1195 5113 1253 5152 eum
1263 5098 1309 5153 iiic
1323 5098 1452 5152 beatorum
1462 5090 1537 5148 turbo
1548 5108 1605 5147 aero
1614 5094 1749 5162 splenem
1761 5096 1897 5160 censum,

1111 5178 1133 5222 et
1155 5170 1270 5224 rocohutr'
1291 5168 1328 5222 tsi
1349 5176 1439 5222 auctor
1463 5165 1580 5219 mutere.
1606 5165 1709 5219 Nomen
1728 5163 1801 5227 iude,
1823 5167 1896 5232 errori

269 5242 296 5315 et
309 5245 370 5313 pram
388 5231 543 5287 Claudianae
568 5248 585 5287 n
605 5235 744 5318 consulatu
764 5236 864 5308 Olybrii
884 5248 911 5292 et
930 5236 1050 5306 Probini,
1106 5239 1170 5322 alibi
1178 5254 1257 5324 quam
1269 5239 1296 5293 iu
1311 5238 1375 5294 iocis
1385 5243 1507 5312 κεραυνῷ,
1517 5234 1542 5288 id
1554 5242 1596 5289 est
1605 5235 1726 5301 dulmine,
1740 5235 1826 5301 treus,
1839 5251 1895 5292 non

268 5302 302 5357 ad
324 5316 401 5370 copus
414 5303 566 5371 exemplum
590 5303 678 5360 eiiieta
699 5306 815 5372 ridetur,
831 5320 924 5379 parum
944 5307 1050 5365 debem
1105 5319 1265 5365 inueniatur.

269 5373 351 5426 Porro
367 5373 518 5444 panegyrici
532 5373 610 5443 hujus
624 5385 713 5444 partes
735 5380 876 5446 praecipuae
897 5387 960 5434 sunt
980 5381 1049 5446 duur,

1142 5390 1154 5419 ι
1167 5377 1265 5436 hiiirec
1276 5379 1336 5433 icon
1344 5385 1371 5431 et
1382 5375 1476 5441 oratio,
1484 5390 1544 5447 que
1555 5391 1609 5433 nou
1619 5391 1713 5448 parum
1721 5376 1804 5433 etiarn
1815 5377 1898 5433 traluct

267 5457 379 5514 guarum
395 5440 505 5497 alteram
523 5445 578 5500 lere
592 5452 705 5514 occupat
718 5448 816 5502 birico
836 5450 921 5504 oratio
938 5450 1051 5505 numam
1105 5448 1269 5506 eClaudiani
1284 5446 1455 5502 Gildoniaeis.
1469 5445 1506 5502 lbi
1519 5447 1641 5519 queritur
1654 5446 1698 5501 illu
1709 5461 1740 5505 as
1755 5443 1895 5503 aGildono

267 5513 416 5576 exorantis,
432 5521 461 5568 ut
475 5513 636 5584 blajorianus
651 5516 781 5573 aduersus
794 5515 967 5575 Censorinum
983 5520 1053 5575 ultor

249 5641 253 5647 ,
267 5584 376 5640 ueniat:
391 5583 504 5638 alteram
519 5594 597 5668 poeta
623 5587 629 5639 i

1106 5533 1277 5588 oppressam3
1304 5517 1346 5572 bic
1364 5534 1377 5569 a
1391 5517 1547 5584 Ceuserico,
1560 5520 1605 5590 ptri
1618 5517 1745 5573 Vandalis
1759 5519 1786 5573 in
1802 5514 1894 5584 hiric-a

651 5600 681 5642 se
703 5598 798 5656 suapte
821 5603 853 5642 cs
879 5605 991 5657 persona
1013 5592 1051 5646 io-
1106 5592 1252 5660 imperans,
1264 5587 1390 5651 barbara,
1403 5596 1432 5642 ut
1446 5588 1494 5657 ait,
1503 5600 1609 5658 sceptra
1621 5587 1742 5654 tenerae
1758 5588 1894 5644 nobilibus

268 5670 363 5739 quens.
375 5652 404 5713 ln
416 5650 460 5709 illa
474 5602 726 5739 hagoeanlfauues
744 5673 776 5741 eu
795 5659 828 5714 iis
840 5658 913 5715 ducit
927 5675 987 5732 quse
1002 5662 1053 5716 im·
1104 5658 1311 5740 honoratisque,
1341 5660 1412 5727 quod
1436 5658 1551 5729 Prosper
1574 5670 1601 5716 ct
1623 5660 1714 5716 Victor
1735 5660 1891 5724 observant,

266 5738 371 5794 perruru
385 5734 602 5791 antmesserunt3
621 5742 646 5782 un
664 5728 712 5783 tuac
724 5731 825 5799 reliqua
836 5733 1004 5802 persequitur
1017 5731 1050 5788 ad
1103 5728 1237 5800 praecipue
1250 5728 1370 5784 mlestus.
1393 5728 1503 5784 Romam
1524 5732 1603 5787 etiam
1620 5732 1736 5786 triennio
1751 5740 1815 5784 ante
1834 5729 1894 5785 haee

267 5793 410 5855 adrentum
424 5811 506 5865 usque
517 5796 730 5867 Lugdunensem.

1102 5808 1206 5871 captam
1217 5800 1272 5855 suis
1281 5798 1374 5871 opibus
1386 5800 1522 5875 spoliarat.
