4082 6348
771 341 926 400 stitPttcti
943 339 1044 400 PAPAE
1060 337 1223 397 semibus
1244 334 1338 393 xiiii.
1836 329 1871 388 iu

495 453 677 533 *caterona
691 453 784 513 sttui.
820 444 825 456 ·
1044 455 1133 517 nno
1146 430 1424 519 monterionem,
1438 443 1565 502 emoto
1578 441 1671 499 oetan
1685 440 1872 499 naenrtconn

491 580 613 623 omnen
624 582 659 622 gn
673 580 790 621 sunu,
958 534 969 557 '
1085 539 1244 611 contagione
1261 547 1289 595 et
1299 536 1435 608 'praritstc
1446 534 1590 603 uiolenter,
1602 533 1653 590 sed
1668 534 1797 591 doctrine
1814 534 1874 590 dia·

251 678 345 737 mmm.
358 696 385 737 u
397 680 433 741 au
447 668 566 733 mm
582 676 614 730 a
628 666 807 732 mmm
823 671 944 729 Mem
957 690 1035 729 ma·
1085 634 1180 691 helicae
1193 632 1370 704 praemium
1386 630 1494 701 pietatis
1509 629 1592 699 ipsirts
1606 626 1875 699 praetenturimetu·

287 749 396 805 350„ng
414 760 571 817 „mamm
582 760 609 801 ,θ
622 746 764 811 mmm,-
777 744 896 799 gorm„
909 752 995 799 ,mem
1008 751 1035 797 „g
1086 738 1146 780 nes.
1166 722 1200 781 lli
1218 724 1237 779 ii
1254 724 1300 795 qul
1322 722 1374 779 sibi
1395 719 1557 778 crediderint
1573 717 1738 777 sacerdotale
1755 718 1876 776 ministe-

285 818 435 890 iorperetori
451 817 560 875 insinsct
586 821 614 869 st
634 815 716 870 cidens
737 814 859 868 sebee
879 830 931 884 prs
950 822 1036 886 optutu
1086 813 1156 870 rium
1171 813 1289 871 damnati
1310 811 1427 869 hominis
1445 811 1653 883 presumptione
1668 809 1800 875 conlecti,
1814 824 1877 882 pro-

287 890 419 947 emuntur.
1086 903 1202 975 mulgata
1223 902 1356 975 imperiali
1379 901 1571 959 constitutione
1593 900 1675 957 etiarn
1699 914 1716 955 a
1741 909 1876 957 conterite

244 1036 248 1047 .
313 1034 318 1039 ·
365 997 544 1057 Dilecthsleto
556 994 632 1052 lustri
643 994 741 1052 esseio
754 992 916 1065 Simplicius.
1089 994 1228 1052 hominnm
1251 993 1409 1066 segregandi
1429 992 1574 1063 iubeantur
1594 991 1698 1050 eseludi
1717 1006 1726 1047 z
1747 1001 1878 1063 qestenus

287 1089 485 1165 Cogitationem
500 1089 580 1147 ierins
592 1100 646 1145 nee
657 1086 948 1145 habemusrnecenim
961 1085 1038 1153 quie·
1089 1084 1131 1141 his
1148 1084 1297 1153 submotis,
1311 1093 1391 1156 atque
1409 1084 1438 1141 ie
1458 1084 1609 1141 solitudinis
1627 1091 1754 1154 perpetue
1775 1083 1879 1156 relega-

252 1199 329 1241 srere
348 1201 400 1240 nos
421 1197 501 1249 cansa
523 1181 672 1252 permittit,
694 1194 774 1251 quarn
794 1179 817 1235 si
839 1177 1038 1248 relinquamus,
1090 1176 1164 1233 tione
1177 1175 1323 1244 damnatis,
1337 1174 1471 1231 antistites
1483 1173 1608 1231 catholici
1621 1173 1742 1246 deceptis
1756 1173 1800 1230 uei
1817 1173 1880 1229 red-

226 1272 322 1343 =aped
339 1273 477 1329 cluniense
494 1270 636 1329 hominurn
656 1280 796 1338 eoseum,
815 1266 892 1338 errius
910 1267 1038 1332 interest,
1088 1267 1189 1326 duettn
1207 1266 1353 1333 Ecclesiis,
1368 1265 1410 1323 rel
1431 1276 1567 1324 creemur.
1586 1265 1615 1322 in
1636 1280 1688 1334 qno
1711 1278 1761 1320 nee
1780 1275 1881 1320 nostras

251 1362 418 1421 ercnssbiles
440 1361 520 1436 [ioris
540 1356 735 1431 mammilla]
757 1371 860 1415 sumus.
886 1354 921 1412 lit
941 1355 1039 1412 mirum
1091 1373 1186 1430 preces
1199 1357 1274 1429 apud
1283 1356 1515 1428 religiosissimum
1525 1356 1686 1428 principem,
1698 1372 1749 1414 nec
1759 1355 1880 1414 dileetio-

252 1464 296 1511 est
309 1452 478 1531 dilectionem
492 1461 565 1510 tuam
581 1458 620 1507 tot
633 1448 750 1506 emensis
763 1447 943 1521 temporibus,
955 1456 983 1503 et
1002 1455 1040 1502 tot
1090 1452 1132 1508 nis
1150 1460 1202 1508 tue
1216 1450 1368 1523 suggestio.
1381 1459 1428 1507 ant
1439 1446 1578 1507 meierum
1588 1448 1699 1506 iratrunt
1715 1438 1879 1518 nostrerum,

254 1543 495 1622 hiwiiilliflfibii
506 1540 568 1601 ΜΟ
581 1539 758 1606 leulwllbffl»
771 1537 808 1593 ¹²1¹
821 1551 871 1592 ¹1⁰⁸
883 1537 918 1592 ⁶0
928 1535 1042 1591 Almu-
1091 1557 1160 1615 quos
1173 1541 1315 1599 aduenisse
1326 1541 1586 1613 Gorrstaminopolim
1602 1541 1768 1613 reperimus,
1785 1542 1881 1613 implo-

254 1637 331 1692 drina
346 1636 482 1704 Ecclesis,
497 1650 557 1707 quse
569 1642 623 1691 ιιιιι
639 1632 755 1705 grauiter.
768 1628 896 1701 quatitur,
910 1628 1042 1684 instruere
1091 1632 1161 1689 ratio
1171 1633 1353 1698 sacerdotnm,
1368 1640 1415 1689 eut
1427 1632 1587 1704 snpplicatio
1599 1634 1792 1690 monachorum
1806 1632 1883 1690 isbo-

254 1728 389 1795 uoluisse3
401 1715 462 1785 curn
475 1739 585 1785 monere
595 1733 622 1782 te
635 1737 684 1781 nec
696 1719 843 1791 increpatio
856 1727 947 1775 nostra
961 1716 1043 1774 desti·
1092 1737 1153 1780 rare
1165 1724 1275 1794 poterit.
1285 1722 1357 1791 Quin
1366 1722 1494 1796 quidquid
1505 1724 1730 1794 adintegritatcrn
1743 1724 1883 1780 catholice

257 1819 331 1885 terit.
343 1827 373 1877 ut
386 1817 541 1888 participata
554 1812 741 1877 sollicitudine,
757 1809 860 1866 litteras
877 1820 951 1865 ereas
969 1804 1040 1877 apud
1053 1804 1077 1866 B
1090 1810 1152 1868 idei
1166 1814 1299 1885 pertinet,
1315 1813 1342 1869 in
1358 1828 1411 1885 qna
1433 1813 1613 1869 Ecclesiamm
1627 1823 1669 1870 est
1683 1816 1826 1871 constituta
1840 1828 1883 1869 se·

253 1907 511 1966 christianissimum
523 1914 553 1964 et
563 1902 803 1963 clementissimum
817 1900 962 1973 principem
973 1913 1044 1970 pras·
1093 1904 1193 1961 cemma
1205 1912 1330 1977 scgresm
1343 1904 1453 1980 pletatis
1464 1919 1534 1973 sue,
1547 1904 1659 1961 homino
1670 1920 1699 1960 se
1710 1904 1806 1975 ubique
1819 1920 1884 1975 pro·

254 2000 374 2057 metibus
394 2008 446 2057 tnm
466 1997 618 2056 dilectionis
638 1994 838 2070 prosequereris
854 1992 996 2062 alloquiis,
1015 1986 1044 2046 c't
1094 2004 1223 2065 sequente
1236 1994 1356 2052 omniurn
1370 1995 1539 2066 preveniens
1551 2004 1612 2050 sota
1627 1995 1753 2053 restituit.
1768 1995 1801 2051 iit
1813 1995 1883 2066 apud

253 2089 473 2159 lttstitutireteris
483 2103 596 2153 mmor,
605 2086 850 2151 inortbodoserem
860 2082 1042 2140 delensieerm
1093 2095 1211 2143 mentem
1223 2084 1480 2143 christianissimum
1496 2085 1584 2142 iacilis
1597 2094 1640 2143 est
1650 2087 1810 2156 impetrandi
1825 2101 1884 2158 gra·

254 2183 394 2239 nobiseum
404 2182 446 2239 sic
456 2195 563 2252 semper
575 2179 764 2246 incumberes,
781 2170 971 2249 nequisquam
992 2188 1043 2230 no·
1094 2174 1148 2240 tie,
1163 2173 1208 2231 ubi
1224 2174 1361 2247 religionis
1381 2183 1422 2231 est
1440 2190 1530 2231 caess.
1544 2174 1620 2232 Sicut
1640 2190 1704 2246 ergo
1720 2175 1816 2234 litteris
1835 2192 1886 2233 no·

253 2282 355 2342 summ,
369 2264 519 2330 ernstiana
534 2270 615 2343 plebe
628 2278 773 2342 pereunte,
788 2276 890 2325 reatum
901 2264 1045 2329 deditionis
1094 2264 1170 2335 stris,
1185 2265 1221 2321 its
1233 2274 1284 2322 tune
1301 2265 1465 2337 dilectionis,
1482 2266 1523 2323 sel
1539 2266 1657 2322 omnium
1670 2266 1781 2323 iratrum
1796 2269 1840 2337 qni
1856 2283 1885 2325 se

255 2363 392 2435 incurrat,
406 2372 433 2421 et
450 2361 635 2423 mercenarius
648 2361 737 2433 potius
750 2359 871 2416 rideatur
885 2372 945 2416 esse
963 2370 1045 2430 qnam
1094 2355 1129 2412 sd
1152 2356 1314 2413 documenta
1342 2356 1404 2413 ildei
1431 2370 1487 2414 sum
1509 2357 1733 2413 christianissimi
1758 2358 1887 2430 principis

255 2465 356 2527 matos.
372 2454 450 2512 llede
466 2454 604 2511 horumur
616 2451 786 2509 dilectionem
806 2460 878 2507 tum
897 2457 928 2507 ut
943 2463 1045 2521 oppor·
1096 2452 1295 2517 mererere
1313 2447 1490 2517 conspectui,
1517 2447 1686 2517 suggestione
1711 2449 1887 2519 repetendum

256 2556 322 2602 tenc
335 2552 416 2615 sique
427 2544 582 2614 temnens
593 2542 645 2613 piis
658 2541 767 2598 auribus
780 2538 981 2596 insinnarenen
995 2538 1044 2594 de·
1095 2548 1152 2606 est,
1167 2546 1197 2595 tri
1211 2539 1372 2596 'iimotlneus
1384 2555 1444 2595 cuer
1464 2539 1623 2611 sequacibus
1640 2542 1696 2598 seis
1709 2541 1742 2596 ad
1760 2541 1888 2599 irremea-

255 2635 343 2702 sinat,
359 2641 488 2705 quomens
500 2631 612 2688 remotis
624 2628 758 2687 scandalis
770 2646 830 2702 quas
845 2630 872 2686 iu
885 2627 1047 2686 alexandri·
1095 2630 1151 2689 bile
1159 2631 1290 2703 dirigatur
1302 2632 1439 2689 exsilium.
1451 2631 1517 2689 Cum
1530 2647 1589 2705 quo
1596 2633 1694 2689 Panitm
1705 2633 1740 2688 ab
1752 2632 1888 2704 Ephesios

257 2741 320 2787 nare
346 2724 493 2785 Ecclesiam
524 2723 653 2785 reciditis
678 2721 787 2779 umibus
812 2723 969 2789 irruerunt,
994 2735 1046 2792 pat
1100 2722 1233 2790 Ecclesia,
1248 2722 1608 2780 etPetrssabhntiochena
1624 2724 1733 2781 ciuitate
1749 2725 1888 2796 depulsus,

257 2823 346 2885 optata
357 2814 493 2882 emuntur,
504 2822 532 2872 et
540 2813 666 2869 celeriter
676 2812 820 2884 rigilsntie
832 2819 884 2868 tue
893 2812 1040 2884 proiectos,
1096 2822 1177 2886 atque
1190 2828 1285 2871 omnes
1298 2814 1344 2887 qui
1356 2815 1391 2871 ah
1404 2828 1440 2870 ee
1450 2829 1491 2883 sc,
1505 2814 1594 2871 selah
1607 2814 1649 2871 his
1661 2830 1730 2886 quos
1744 2815 1838 2872 illicite
1848 2818 1889 2872 ie·

258 2905 417 2978 posthabitis
442 2904 665 2973 dl'iicultatibus,
689 2903 841 2961 inducatur.
863 2904 928 2959 itae
953 2912 1047 2960 octauo
1096 2913 1187 2973 cerat,
1202 2905 1337 2963 resument
1350 2906 1492 2977 episcopos
1510 2905 1668 2976 ordinatos,
1685 2907 1777 2964 eadent
1792 2908 1890 2964 debunt

258 2998 320 3055 iulus
331 2999 502 3068 Novembris,
515 2999 646 3058 &serim
659 2997 781 3066 consule,
795 2997 893 3055 tiirerm
904 3014 950 3070 per
962 2998 1047 3055 flesti·
1098 2995 1160 3067 legs
1178 2997 1297 3068 percelli.
1318 2997 1356 3054 ile
1375 2996 1494 3054 heronio
1513 3005 1621 3066 antem,
1640 2997 1690 3069 qni·
1705 3010 1798 3067 eorum
1820 3014 1890 3069 qnos

258 3100 350 3147 ιιιιιιιιι.
602 3119 606 3127 -
1098 3096 1193 3144 contra
1219 3087 1366 3144 Ecclesiam
1392 3098 1520 3160 tyrannos
1543 3091 1676 3156 miseret,
1699 3090 1890 3159 antesignanus

470 3206 474 3215 ·
572 3181 735 3240 brittuli
1060 3170 1084 3234 C
1098 3179 1236 3249 cslstens,
1251 3182 1321 3237 siem
1334 3181 1463 3252 scripture
1479 3189 1521 3238 est
1535 3180 1622 3254 (enit.
1635 3196 1697 3248 urst,
1711 3180 1751 3252 ὅ),
1768 3182 1891 3237 inimicos

500 3287 621 3330 strettun
636 3290 670 3329 so
682 3289 802 3330 sunone.
1099 3280 1127 3328 et
1138 3271 1267 3329 deiensor
1280 3273 1413 3343 apperuit.
1427 3272 1465 3329 ile
1478 3272 1587 3330 ioamre'
1600 3272 1716 3342 quodam
1730 3271 1886 3328 Constanti·

422 3362 444 3418 el
459 3363 527 3418 hece
542 3356 686 3420 lioisteirio
702 3364 792 3421 ileum
804 3364 885 3420 eriitc.
1099 3362 1264 3434 sopoliiaen,
1278 3361 1323 3433 qni
1334 3362 1369 3418 ab
1378 3362 1513 3419 hereticis
1522 3360 1689 3434 dp'srnenum
1700 3361 1891 3437 sacerdotium,

379 3453 557 3510 Dilectissimo
569 3454 644 3510 iratri
656 3453 755 3511 licuclo
766 3454 929 3524 Simplicius.
1100 3454 1171 3525 quod
1183 3453 1220 3520 ei,
1235 3452 1281 3524 qni
1299 3454 1441 3527 presbyter
1452 3442 1560 3510 ailri'ede
1579 3453 1681 3521 lucrat,
1695 3454 1737 3510 rel
1752 3469 1767 3509 a
1781 3452 1892 3510 catholi-

295 3543 403 3605 litteris
422 3555 477 3600 tuae
488 3544 655 3611 diectionls,
673 3560 740 3617 quas
758 3560 807 3617 per
824 3545 907 3602 hlium
928 3555 1049 3601 nostrum
1100 3542 1140 3600 cis
1154 3557 1262 3600 sumere
1276 3558 1330 3599 non
1344 3543 1460 3612 licebst;
1474 3552 1505 3600 se
1516 3544 1672 3601 hereticum
1687 3540 1851 3614 publicet-it,
1864 3556 1893 3603 et

262 3633 442 3706 Epiphaniam
460 3633 602 3691 diaconum
623 3634 743 3705 probate
764 3634 827 3691 illei
848 3633 995 3702 direxisti,
1016 3651 1048 3693 en
1100 3634 1212 3707 quodie
1229 3649 1259 3693 se
1275 3649 1418 3706 perperam
1432 3634 1530 3691 irctnrn
1544 3644 1586 3691 est
1596 3635 1787 3705 improperium
1803 3644 1892 3692 retor-

193 3774 198 3781 .
260 3739 322 3794 quse
333 3724 446 3780 strictim
461 3722 653 3796 religiosissimi
664 3723 715 3780 riri
729 3724 778 3780 iiiii
792 3725 875 3781 nostri
890 3724 1049 3797 presbyteri,
1101 3728 1138 3784 sit
1164 3727 1190 3783 in
1217 3736 1371 3791 auctorem
1397 3724 1540 3796 expellens
1561 3724 1596 3780 ab
1618 3723 1759 3780 Antiochia
1784 3724 1893 3780 Petrum

260 3811 477 3871 archimandrite
494 3827 556 3871 eum
573 3814 712 3872 monachis
731 3816 774 3874 rel
793 3826 857 3873 ante
875 3816 1050 3886 scripserant,
1102 3832 1274 3891 pervasorem
1286 3818 1381 3890 ipsius,
1398 3816 1521 3873 esordem
1536 3814 1683 3871 Ecclesiam
1699 3813 1757 3885 ipse
1767 3812 1892 3884 perram,

259 3905 343 3962 iatius
363 3904 502 3974 indicasti,
518 3914 553 3983 Ιιι
575 3894 679 3977 prolixo
701 3907 808 3979 quidem
828 3907 980 3976 relumlue,
1003 3909 1052 3966 sed
1102 3909 1155 3968 suh
1167 3909 1338 3967 anathemate
1353 3906 1595 3966 schristienorum
1608 3910 1762 3978 consortio,
1778 3906 1821 3963 nei
1836 3907 1893 3978 ipsa

261 4011 386 4055 sermone
400 3998 555 4055 emmeno
572 3998 703 4065 retulistl;
719 4004 749 4053 ut
768 3999 831 4070 qnid
844 3998 888 4055 rel
899 3996 1052 4057 Constanti·
1073 3995 1077 4004 '
1102 4002 1283 4072 appellatione
1303 4014 1474 4057 nemore-us
1492 4016 1500 4053 ι
1523 4013 1706 4071 necunquam
1729 4000 1771 4055 his
1788 3998 1894 4055 satisia·

262 4088 370 4160 nopoli,
385 4089 428 4146 rei
447 4090 475 4146 ln
492 4088 553 4146 aliis
574 4089 727 4160 regionibus
744 4090 779 4160 ab
798 4089 932 4146 herodeis
948 4099 1051 4161 gestum
1103 4090 1201 4148 ctionis
1212 4089 1412 4161 patctactcndos
1423 4088 1561 4145 estlecus.
1575 4088 1641 4157 Quis
1652 4088 1813 4144 sicntludns
1824 4087 1895 4151 inter

261 4178 425 4236 disceremus
441 4193 493 4234 :ac
503 4179 606 4251 singula
619 4195 680 4251 qne
694 4189 789 4236 cenea
802 4180 997 4238 ecclesiasticas
1010 4196 1050 4239 re·
1103 4182 1251 4251 apostolos.
1270 4181 1306 4235 ita
1319 4180 1362 4235 isti
1375 4178 1446 4234 inter
1459 4178 1595 4235 ministres
1608 4177 1658 4234 liei
1672 4178 1784 4234 subdola
1798 4185 1824 4232 et
1835 4177 1895 4233 dia·

261 4268 353 4339 guise,
373 4277 400 4324 ct
414 4277 511 4325 contra
529 4269 614 4339 ipsam
634 4269 793 4326 catholicam
807 4269 885 4326 iidem
900 4269 1053 4342 ubicunque
1103 4270 1184 4327 bollci
1204 4270 1315 4339 spiritus
1335 4268 1429 4327 iraude
1448 4268 1593 4327 latuerunt.
1609 4268 1647 4325 ile
1661 4267 1806 4325 Christiani
1825 4282 1895 4338 quo-

263 4358 405 4415 commissa
419 4367 493 4429 snut,
508 4367 571 4416 ante
591 4368 698 4416 uouere
711 4360 804 4418 oculos
816 4360 954 4418 collocasti
964 4375 978 4427 ·,
987 4376 1054 4432 qua·
1103 4375 1157 4433 que
1178 4360 1267 4432 populi
1281 4359 1336 4415 ide
1350 4367 1378 4416 ct
1396 4359 1541 4417 deuotione
1563 4358 1730 4429 gaudentes,
1745 4358 1893 4429 proiectum

264 4462 341 4508 teum
355 4451 478 4507 rideatur
494 4465 548 4522 quo
565 4450 646 4508 etiem
667 4450 785 4525 remedio
799 4451 988 4509 subveniretur
1003 4452 1054 4509 Ee·
1104 4450 1163 4521 eins
1176 4461 1204 4508 et
1216 4448 1466 4521 multiplicationem
1475 4450 1531 4506 ileo
1541 4449 1640 4520 iugiter
1652 4449 1831 4520 supplicantes
1845 4463 1896 4503 ex·

261 4540 362 4609 closis,
378 4540 474 4610 quibus
484 4538 539 4596 rien
552 4540 603 4596 suh
614 4541 756 4617 occasione
770 4542 916 4613 tyrannice
928 4541 1052 4602 domina·
1066 4531 1218 4611 Dpetimus
1233 4557 1241 4595 ι
1256 4549 1285 4597 nt
1299 4541 1326 4597 in
1341 4540 1437 4596 timore
1450 4549 1530 4609 atque
1543 4552 1636 4595 amore
1646 4539 1751 4594 homini
1764 4552 1892 4611 persero·
1909 4536 1913 4543 ’
2029 4592 2030 4603 ,

263 4632 365 4701 tionis,
388 4640 419 4693 et
440 4631 658 4703 persistentium
680 4630 901 4691 christianissimi
924 4633 1052 4704 principis
1104 4647 1184 4703 rans,
1199 4639 1229 4689 et
1240 4645 1355 4689 nurnero
1367 4631 1474 4705 angeri,
1487 4641 1514 4688 et
1525 4630 1634 4688 celesti
1653 4638 1789 4687 meroetnr
1803 4636 1894 4700 prote-

263 4723 430 4794 perniciosus
448 4723 517 4780 latro
535 4732 567 4782 et
585 4723 717 4785 reciditur
735 4725 844 4781 invasor
864 4724 1051 4782 Alexandrinas
1104 4724 1195 4782 ctione
1215 4723 1326 4781 muniri.
1347 4721 1376 4779 itt
1398 4738 1452 4795 quo
1475 4723 1602 4779 musione*
1614 4722 1774 4794 gloriamur,
1794 4733 1822 4777 et
1837 4722 1894 4778 ileu

264 4811 761 4885 Ecclesiaelapsusessiiiisirrogstit.
778 4814 975 4872 [incentricem
990 4825 1051 4886 post
1104 4825 1198 4873 nostro
1216 4815 1407 4887 gratulabimur
1440 4814 1626 4884 complacere,
1646 4813 1708 4884 quia
1731 4810 1892 4883 pastorslem

263 4903 365 4977 flium»
383 4904 429 4977 qui
449 4903 596 4961 Wlffliffl
614 4912 641 4961 θῑ
660 4904 852 4976 iefflwblicfltn
869 4905 1053 4963 tumultibus
1102 4911 1211 4983 respicit
1235 4912 1371 4979 lructum,
1390 4909 1508 4980 religiosi
1532 4908 1610 4965 erilis
1635 4917 1817 4978 segmentum.
1840 4905 1891 4961 iliu

264 4996 378 5059 nsirahili
392 4996 529 5065 uisitauit,
541 4995 646 5077 shamsi
658 4996 709 5052 boc
722 4995 781 5053 fleri
795 4996 907 5053 minime
918 4996 1053 5068 perimas·
1102 5012 1193 5059 nutem
1209 5004 1304 5058 iratres
1322 5010 1351 5058 et
1367 5002 1542 5071 coepiscopos
1554 5007 1661 5055 nostros
1677 4998 1746 5067 apud
1758 4998 1893 5054 Constan-

145 5152 151 5172 ¹
261 5073 535 5156 res,clereentissimi
547 5087 716 5158 imperatoris
728 5086 1054 5144 ausiiiumdusituesim·
1102 5091 1241 5162 sicopolim
1261 5105 1314 5145 non
1336 5086 1462 5146 murenis
1479 5089 1614 5146 demorari
1635 5106 1643 5143 a
1662 5103 1733 5145 nunc
1746 5088 1891 5159 praecipue.

264 5179 437 5249 plorandum
450 5186 482 5235 ut
493 5195 544 5249 pro
558 5179 753 5249 omnibusque
762 5181 846 5249 reguo
854 5179 913 5248 ejus
922 5179 1054 5237 bonnm
1101 5195 1163 5237 cum
1184 5188 1293 5252 propter
1308 5180 1512 5236 concessionem
1527 5179 1720 5250 persecutionis
1736 5193 1797 5249 qne
1819 5186 1894 5233 eruta

263 5269 366 5336 tribuit,
379 5284 416 5327 ee
429 5270 540 5353 ulterius
558 5270 586 5326 in
606 5268 673 5326 orlse
688 5279 831 5338 terrerent,
846 5284 914 5342 quas
927 5270 1049 5327 subditas
1102 5268 1206 5341 lueret,
1219 5269 1343 5327 sollicite
1356 5280 1437 5340 atque
1452 5270 1573 5327 attonite
1585 5278 1648 5325 sunt
1660 5268 1689 5325 in
1703 5266 1895 5339 suprascriptis

298 5450 470 5513 ¹,i’erbrerus
487 5449 567 5507 tenses
582 5457 611 5505 et
622 5448 757 5507 coemes
778 5448 879 5505 litteras
897 5456 1045 5519 postremas
1098 5447 1221 5504 tercenti
1233 5445 1345 5511 colubri,
1358 5446 1515 5503 truculente
1526 5444 1619 5501 been
1630 5454 1658 5502 et
1667 5444 1740 5500 iaces
1752 5443 1895 5498 heretico·

262 5516 295 5574 ιι]
307 5518 431 5576 Acacium
444 5519 516 5575 dedit
529 5519 696 5590 Simplicius,
713 5520 809 5590 quibus
824 5519 898 5574 illnru
913 5520 1042 5574 aduersus
1099 5533 1170 5582 suin,
1185 5516 1326 5583 couniens
1336 5529 1364 5572 et
1380 5518 1402 5571 hl
1439 5532 1487 5587 gns
1500 5516 1674 5572 Antiochense
1686 5523 1716 5570 et
1728 5513 1890 5571 Alexandri·

263 5589 403 5646 irercticos
419 5590 452 5643 ad
468 5590 586 5658 prteiium
601 5598 854 5653 otiosissimum
869 5589 915 5643 sed
936 5589 1044 5652 trustra,
1100 5602 1141 5641 nm
1154 5585 1212 5643 sedi
1224 5587 1413 5653 obtrudantur,
1436 5587 1590 5656 egitiesiqtre
1604 5599 1774 5656 possessores
1787 5583 1892 5640 Caletr-

263 5669 358 5784 ιιιιίιιιιιιι
369 5658 563 5800 ιιὲιιιιιῖιέἑιιςι
580 5657 667 5785 hugus
680 5658 708 5715 in
721 5658 816 5785 rastris
832 5658 1045 5785 arlrertsnnliloffl
1098 5656 1174 5783 (mu
1187 5664 1216 5713 et
1238 5655 1357 5715 ioannes
1380 5655 1498 5728 episcopi
1525 5655 1588 5712 inde
1615 5654 1794 5728 expellantur.
1822 5651 1892 5709 Ser.

262 5745 398 5797 mtre,s
437 5745 470 5785 ιιι
516 5745 614 5802 ttcapu
653 5745 841 5800 impuriorem
861 5745 932 5800 coge,
1178 5744 1200 5782 s.
