<?xml version="1.0" encoding="UTF-8"?>
<!DOCTYPE html PUBLIC "-//W3C//DTD XHTML 1.0 Transitional//EN"
    "http://www.w3.org/TR/xhtml1/DTD/xhtml1-transitional.dtd">
<html xmlns="http://www.w3.org/1999/xhtml" xml:lang="en" lang="en">
 <head>
  <title>
</title>
<meta http-equiv="Content-Type" content="text/html;charset=utf-8" />
  <meta name='ocr-system' content='tesseract 3.04.00' />
  <meta name='ocr-capabilities' content='ocr_page ocr_carea ocr_par ocr_line ocrx_word'/>
</head>
<body>
  <div class='ocr_page' id='page_1' title='image "./patrologiaecurs224unkngoog_0360.png"; bbox 0 0 4080 6348; ppageno 0'>
   <div class='ocr_carea' id='block_1_1' title="bbox 155 337 214 398">
    <p class='ocr_par' dir='ltr' id='par_1_1' title="bbox 155 337 214 398">
     <span class='ocr_line' id='line_1_1' title="bbox 155 337 214 398; baseline -0.034 0"><span class='ocrx_word' id='word_1_1' title='bbox 155 337 214 398; x_wconf 70' lang='lat' dir='ltr'><strong>dib</strong></span> 
     </span>
    </p>
   </div>
   <div class='ocr_carea' id='block_1_2' title="bbox 902 329 1066 393">
    <p class='ocr_par' dir='ltr' id='par_1_2' title="bbox 902 329 1066 393">
     <span class='ocr_line' id='line_1_2' title="bbox 902 329 1066 393; baseline -0.018 0"><span class='ocrx_word' id='word_1_2' title='bbox 902 329 1066 393; x_wconf 64' lang='lat' dir='ltr'><strong>munina,</strong></span> 
     </span>
    </p>
   </div>
   <div class='ocr_carea' id='block_1_3' title="bbox 1752 342 1806 406">
    <p class='ocr_par' dir='ltr' id='par_1_3' title="bbox 1752 342 1806 406">
     <span class='ocr_line' id='line_1_3' title="bbox 1752 342 1806 406; baseline 0.074 -4"><span class='ocrx_word' id='word_1_3' title='bbox 1752 342 1806 406; x_wconf 73' lang='grc'><strong>6511</strong></span> 
     </span>
    </p>
   </div>
   <div class='ocr_carea' id='block_1_4' title="bbox 154 443 1658 525">
    <p class='ocr_par' dir='ltr' id='par_1_4' title="bbox 154 443 1658 525">
     <span class='ocr_line' id='line_1_4' title="bbox 154 443 1658 525; baseline 0.001 -14"><span class='ocrx_word' id='word_1_4' title='bbox 154 452 222 511; x_wconf 77' lang='lat' dir='ltr'><strong>lios</strong></span> <span class='ocrx_word' id='word_1_5' title='bbox 232 448 283 521; x_wconf 83' lang='lat' dir='ltr'><strong>ipsi</strong></span> <span class='ocrx_word' id='word_1_6' title='bbox 295 453 341 504; x_wconf 90' lang='lat' dir='ltr'><strong>tua</strong></span> <span class='ocrx_word' id='word_1_7' title='bbox 355 445 446 519; x_wconf 82' lang='lat' dir='ltr'><strong>prada</strong></span> <span class='ocrx_word' id='word_1_8' title='bbox 456 445 565 519; x_wconf 76' lang='lat' dir='ltr'><strong>iacent:</strong></span> <span class='ocrx_word' id='word_1_9' title='bbox 578 445 627 503; x_wconf 88' lang='lat' dir='ltr'><strong>scd</strong></span> <span class='ocrx_word' id='word_1_10' title='bbox 638 443 789 504; x_wconf 89' lang='lat' dir='ltr'><strong>omittimus</strong></span> <span class='ocrx_word' id='word_1_11' title='bbox 801 443 869 504; x_wconf 91' lang='lat' dir='ltr'><strong>istus</strong></span> <span class='ocrx_word' id='word_1_12' title='bbox 967 448 1103 510; x_wconf 76' lang='lat' dir='ltr'><strong>Abductis</strong></span> <span class='ocrx_word' id='word_1_13' title='bbox 1117 448 1169 506; x_wconf 89' lang='lat' dir='ltr'><strong>lixa</strong></span> <span class='ocrx_word' id='word_1_14' title='bbox 1179 450 1257 522; x_wconf 75' lang='lat' dir='ltr'><strong>bdm,</strong></span> <span class='ocrx_word' id='word_1_15' title='bbox 1270 461 1299 510; x_wconf 92' lang='lat' dir='ltr'><strong>et</strong></span> <span class='ocrx_word' id='word_1_16' title='bbox 1308 466 1363 511; x_wconf 91' lang='lat' dir='ltr'><strong>non</strong></span> <span class='ocrx_word' id='word_1_17' title='bbox 1384 461 1515 525; x_wconf 85' lang='lat' dir='ltr'><strong>peccante</strong></span> <span class='ocrx_word' id='word_1_18' title='bbox 1526 454 1578 513; x_wconf 87' lang='lat' dir='ltr'><strong>sub</strong></span> <span class='ocrx_word' id='word_1_19' title='bbox 1593 454 1658 525; x_wconf 87' lang='lat' dir='ltr'><strong>ictu,</strong></span> 
     </span>
    </p>
   </div>
   <div class='ocr_carea' id='block_1_5' title="bbox 155 538 826 615">
    <p class='ocr_par' dir='ltr' id='par_1_5' title="bbox 155 538 826 615">
     <span class='ocr_line' id='line_1_5' title="bbox 155 538 826 615; baseline -0.012 -12"><span class='ocrx_word' id='word_1_20' title='bbox 155 543 197 604; x_wconf 83' lang='lat' dir='ltr'><strong>tn</strong></span> <span class='ocrx_word' id='word_1_21' title='bbox 209 540 382 615; x_wconf 76' lang='lat' dir='ltr'><strong>populatores</strong></span> <span class='ocrx_word' id='word_1_22' title='bbox 398 556 406 594; x_wconf 79' lang='lat' dir='ltr'>z</span> <span class='ocrx_word' id='word_1_23' title='bbox 421 547 436 580; x_wconf 72' lang='grc' dir='ltr'>ι</span> <span class='ocrx_word' id='word_1_24' title='bbox 450 538 515 596; x_wconf 92' lang='lat' dir='ltr'><strong>belli</strong></span> <span class='ocrx_word' id='word_1_25' title='bbox 528 538 614 609; x_wconf 75' lang='lat' dir='ltr'><strong>napis</strong></span> <span class='ocrx_word' id='word_1_26' title='bbox 629 547 689 596; x_wconf 91' lang='lat' dir='ltr'><strong>acta</strong></span> <span class='ocrx_word' id='word_1_27' title='bbox 703 540 826 598; x_wconf 78' lang='lat' dir='ltr'><strong>revolvo.</strong></span> 
     </span>
    </p>
   </div>
   <div class='ocr_carea' id='block_1_6' title="bbox 1009 541 1632 618">
    <p class='ocr_par' dir='ltr' id='par_1_6' title="bbox 1009 541 1632 618">
     <span class='ocr_line' id='line_1_6' title="bbox 1009 541 1632 618; baseline 0.008 -19"><span class='ocrx_word' id='word_1_28' title='bbox 1009 541 1128 600; x_wconf 80' lang='lat' dir='ltr'><strong>uocatus</strong></span> <span class='ocrx_word' id='word_1_29' title='bbox 1137 556 1251 614; x_wconf 87' lang='lat' dir='ltr'><strong>peccare</strong></span> <span class='ocrx_word' id='word_1_30' title='bbox 1263 544 1349 602; x_wconf 88' lang='lat' dir='ltr'><strong>luror.</strong></span> <span class='ocrx_word' id='word_1_31' title='bbox 1366 544 1440 603; x_wconf 84' lang='lat' dir='ltr'><strong>Gens</strong></span> <span class='ocrx_word' id='word_1_32' title='bbox 1452 545 1504 602; x_wconf 86' lang='lat' dir='ltr'><strong>ista</strong></span> <span class='ocrx_word' id='word_1_33' title='bbox 1518 555 1632 618; x_wconf 85' lang='lat' dir='ltr'><strong>repento</strong></span> 
     </span>
    </p>
   </div>
   <div class='ocr_carea' id='block_1_7' title="bbox 156 630 1801 713">
    <p class='ocr_par' dir='ltr' id='par_1_7' title="bbox 156 630 1801 713">
     <span class='ocr_line' id='line_1_7' title="bbox 156 630 1801 713; baseline 0.005 -21"><span class='ocrx_word' id='word_1_34' title='bbox 156 634 239 705; x_wconf 79' lang='lat' dir='ltr'><strong>Quod</strong></span> <span class='ocrx_word' id='word_1_35' title='bbox 252 633 353 691; x_wconf 83' lang='lat' dir='ltr'><strong>bellum</strong></span> <span class='ocrx_word' id='word_1_36' title='bbox 367 646 423 689; x_wconf 92' lang='lat' dir='ltr'><strong>nou</strong></span> <span class='ocrx_word' id='word_1_37' title='bbox 446 645 528 703; x_wconf 89' lang='lat' dir='ltr'><strong>parra</strong></span> <span class='ocrx_word' id='word_1_38' title='bbox 548 645 654 700; x_wconf 90' lang='lat' dir='ltr'><strong>manus,</strong></span> <span class='ocrx_word' id='word_1_39' title='bbox 669 646 719 689; x_wconf 92' lang='lat' dir='ltr'><strong>nec</strong></span> <span class='ocrx_word' id='word_1_40' title='bbox 742 645 854 691; x_wconf 88' lang='lat' dir='ltr'><strong>carcere</strong></span> <span class='ocrx_word' id='word_1_41' title='bbox 868 630 954 690; x_wconf 83' lang='lat' dir='ltr'><strong>tracto</strong></span> <span class='ocrx_word' id='word_1_42' title='bbox 1009 634 1173 707; x_wconf 83' lang='lat' dir='ltr'><strong>Erumpens,</strong></span> <span class='ocrx_word' id='word_1_43' title='bbox 1187 636 1358 709; x_wconf 88' lang='lat' dir='ltr'><strong>solidumque</strong></span> <span class='ocrx_word' id='word_1_44' title='bbox 1381 637 1450 696; x_wconf 91' lang='lat' dir='ltr'><strong>rotis</strong></span> <span class='ocrx_word' id='word_1_45' title='bbox 1472 649 1626 698; x_wconf 88' lang='lat' dir='ltr'><strong>transrecta</strong></span> <span class='ocrx_word' id='word_1_46' title='bbox 1640 655 1689 713; x_wconf 87' lang='lat' dir='ltr'><strong>por</strong></span> <span class='ocrx_word' id='word_1_47' title='bbox 1702 641 1801 702; x_wconf 86' lang='lat' dir='ltr'><strong>istrum</strong></span> 
     </span>
    </p>
   </div>
   <div class='ocr_carea' id='block_1_8' title="bbox 156 724 832 800">
    <p class='ocr_par' dir='ltr' id='par_1_8' title="bbox 156 724 832 800">
     <span class='ocr_line' id='line_1_8' title="bbox 156 724 832 800; baseline -0.006 -13"><span class='ocrx_word' id='word_1_48' title='bbox 156 727 203 788; x_wconf 75' lang='lat' dir='ltr'><strong>Ad</strong></span> <span class='ocrx_word' id='word_1_49' title='bbox 216 725 398 800; x_wconf 67' lang='lat' dir='ltr'><strong>gradiaturam</strong></span> <span class='ocrx_word' id='word_1_50' title='bbox 409 733 437 781; x_wconf 93' lang='lat' dir='ltr'><strong>tu</strong></span> <span class='ocrx_word' id='word_1_51' title='bbox 449 724 578 796; x_wconf 86' lang='lat' dir='ltr'><strong>Spartace</strong></span> <span class='ocrx_word' id='word_1_52' title='bbox 599 725 690 783; x_wconf 81' lang='lat' dir='ltr'><strong>vincte</strong></span> <span class='ocrx_word' id='word_1_53' title='bbox 706 725 807 798; x_wconf 89' lang='lat' dir='ltr'><strong>parasti</strong></span> <span class='ocrx_word' id='word_1_54' title='bbox 822 744 832 783; x_wconf 83' lang='grc' dir='ltr'><strong>ι</strong></span> 
     </span>
    </p>
   </div>
   <div class='ocr_carea' id='block_1_9' title="bbox 157 817 956 892">
    <p class='ocr_par' dir='ltr' id='par_1_9' title="bbox 157 817 956 892">
     <span class='ocr_line' id='line_1_9' title="bbox 157 817 956 892; baseline -0.003 -13"><span class='ocrx_word' id='word_1_55' title='bbox 157 819 216 879; x_wconf 85' lang='lat' dir='ltr'><strong>Sed</strong></span> <span class='ocrx_word' id='word_1_56' title='bbox 233 819 368 892; x_wconf 75' lang='lat' dir='ltr'><strong>Scytbicac</strong></span> <span class='ocrx_word' id='word_1_57' title='bbox 377 832 444 889; x_wconf 75' lang='lat' dir='ltr'><strong>naqa</strong></span> <span class='ocrx_word' id='word_1_58' title='bbox 464 818 540 875; x_wconf 89' lang='lat' dir='ltr'><strong>turba</strong></span> <span class='ocrx_word' id='word_1_59' title='bbox 555 819 651 892; x_wconf 72' lang='lat' dir='ltr'><strong>piaque,</strong></span> <span class='ocrx_word' id='word_1_60' title='bbox 666 820 781 878; x_wconf 82' lang='lat' dir='ltr'><strong>lenitatis</strong></span> <span class='ocrx_word' id='word_1_61' title='bbox 803 817 956 889; x_wconf 88' lang='lat' dir='ltr'><strong>abundans,</strong></span> 
     </span>
    </p>
   </div>
   <div class='ocr_carea' id='block_1_10' title="bbox 158 912 920 1091">
    <p class='ocr_par' dir='ltr' id='par_1_10' title="bbox 158 912 920 1091">
     <span class='ocr_line' id='line_1_10' title="bbox 158 912 920 986; baseline 0.001 -16"><span class='ocrx_word' id='word_1_62' title='bbox 158 912 237 981; x_wconf 83' lang='lat' dir='ltr'><strong>liira,</strong></span> <span class='ocrx_word' id='word_1_63' title='bbox 248 926 344 985; x_wconf 81' lang='lat' dir='ltr'><strong>rapax,</strong></span> <span class='ocrx_word' id='word_1_64' title='bbox 357 912 513 979; x_wconf 83' lang='lat' dir='ltr'><strong>uehemens,</strong></span> <span class='ocrx_word' id='word_1_65' title='bbox 529 913 596 985; x_wconf 86' lang='lat' dir='ltr'><strong>ipsis</strong></span> <span class='ocrx_word' id='word_1_66' title='bbox 606 930 713 986; x_wconf 89' lang='lat' dir='ltr'><strong>qunque</strong></span> <span class='ocrx_word' id='word_1_67' title='bbox 726 914 853 985; x_wconf 76' lang='lat' dir='ltr'><strong>pentibus</strong></span> <span class='ocrx_word' id='word_1_68' title='bbox 864 914 920 972; x_wconf 88' lang='lat' dir='ltr'><strong>illic</strong></span> 
     </span>
     <span class='ocr_line' id='line_1_11' title="bbox 158 999 868 1091; baseline -0.001 -28"><span class='ocrx_word' id='word_1_69' title='bbox 158 1004 280 1063; x_wconf 83' lang='lat' dir='ltr'><strong>Barbara</strong></span> <span class='ocrx_word' id='word_1_70' title='bbox 293 1003 452 1072; x_wconf 85' lang='lat' dir='ltr'><strong>barbaricis,</strong></span> <span class='ocrx_word' id='word_1_71' title='bbox 466 1004 543 1076; x_wconf 84' lang='lat' dir='ltr'><strong>cujus</strong></span> <span class='ocrx_word' id='word_1_72' title='bbox 558 1005 612 1061; x_wconf 84' lang='lat' dir='ltr'><strong>dua</strong></span> <span class='ocrx_word' id='word_1_73' title='bbox 627 1005 773 1091; x_wconf 62' lang='lat' dir='ltr'><strong>Hormidac</strong></span> <span class='ocrx_word' id='word_1_74' title='bbox 786 999 868 1077; x_wconf 90' lang='lat' dir='ltr'><strong>a&#39;tque</strong></span> 
     </span>
    </p>
   </div>
   <div class='ocr_carea' id='block_1_11' title="bbox 157 1094 955 1170">
    <p class='ocr_par' dir='ltr' id='par_1_11' title="bbox 157 1094 955 1170">
     <span class='ocr_line' id='line_1_12' title="bbox 157 1094 955 1170; baseline 0 -18"><span class='ocrx_word' id='word_1_75' title='bbox 157 1095 235 1154; x_wconf 77' lang='lat' dir='ltr'><strong>Ciris</strong></span> <span class='ocrx_word' id='word_1_76' title='bbox 249 1104 317 1164; x_wconf 89' lang='lat' dir='ltr'><strong>erat,</strong></span> <span class='ocrx_word' id='word_1_77' title='bbox 330 1096 406 1168; x_wconf 90' lang='lat' dir='ltr'><strong>queis</strong></span> <span class='ocrx_word' id='word_1_78' title='bbox 418 1094 472 1152; x_wconf 89' lang='lat' dir='ltr'><strong>tale</strong></span> <span class='ocrx_word' id='word_1_79' title='bbox 486 1097 575 1154; x_wconf 88' lang='lat' dir='ltr'><strong>solutu</strong></span> <span class='ocrx_word' id='word_1_80' title='bbox 586 1105 636 1164; x_wconf 86' lang='lat' dir='ltr'><strong>eat,</strong></span> <span class='ocrx_word' id='word_1_81' title='bbox 654 1096 790 1169; x_wconf 89' lang='lat' dir='ltr'><strong>murique,</strong></span> <span class='ocrx_word' id='word_1_82' title='bbox 806 1112 955 1170; x_wconf 72' lang='lat' dir='ltr'><strong>penusque.</strong></span> 
     </span>
    </p>
   </div>
   <div class='ocr_carea' id='block_1_12' title="bbox 159 1186 902 1353">
    <p class='ocr_par' dir='ltr' id='par_1_12' title="bbox 159 1186 902 1353">
     <span class='ocr_line' id='line_1_13' title="bbox 196 1186 902 1262; baseline 0.004 -19"><span class='ocrx_word' id='word_1_83' title='bbox 196 1186 308 1245; x_wconf 68' lang='lat' dir='ltr'><strong>¹’Albus</strong></span> <span class='ocrx_word' id='word_1_84' title='bbox 321 1186 503 1259; x_wconf 78' lang='lat' dir='ltr'><strong>Hyperboreis</strong></span> <span class='ocrx_word' id='word_1_85' title='bbox 512 1188 612 1245; x_wconf 81' lang='lat' dir='ltr'><strong>Tanais</strong></span> <span class='ocrx_word' id='word_1_86' title='bbox 623 1204 675 1262; x_wconf 92' lang='lat' dir='ltr'><strong>qua</strong></span> <span class='ocrx_word' id='word_1_87' title='bbox 687 1190 800 1247; x_wconf 86' lang='lat' dir='ltr'><strong>vallibus</strong></span> <span class='ocrx_word' id='word_1_88' title='bbox 812 1197 902 1259; x_wconf 89' lang='lat' dir='ltr'><strong>aetus,</strong></span> 
     </span>
     <span class='ocr_line' id='line_1_14' title="bbox 159 1277 805 1353; baseline 0.006 -15"><span class='ocrx_word' id='word_1_89' title='bbox 159 1277 274 1353; x_wconf 75' lang='lat' dir='ltr'><strong>Ripbaea</strong></span> <span class='ocrx_word' id='word_1_90' title='bbox 284 1278 318 1337; x_wconf 88' lang='lat' dir='ltr'><strong>de</strong></span> <span class='ocrx_word' id='word_1_91' title='bbox 331 1289 410 1337; x_wconf 90' lang='lat' dir='ltr'><strong>caute</strong></span> <span class='ocrx_word' id='word_1_92' title='bbox 422 1279 505 1348; x_wconf 86' lang='lat' dir='ltr'><strong>eadit,</strong></span> <span class='ocrx_word' id='word_1_93' title='bbox 518 1279 592 1351; x_wconf 85' lang='lat' dir='ltr'><strong>jacet</strong></span> <span class='ocrx_word' id='word_1_94' title='bbox 606 1296 659 1340; x_wconf 86' lang='lat' dir='ltr'><strong>axe</strong></span> <span class='ocrx_word' id='word_1_95' title='bbox 674 1282 725 1340; x_wconf 88' lang='lat' dir='ltr'><strong>sub</strong></span> <span class='ocrx_word' id='word_1_96' title='bbox 735 1299 805 1342; x_wconf 74' lang='lat' dir='ltr'><strong>ursas</strong></span> 
     </span>
    </p>
   </div>
   <div class='ocr_carea' id='block_1_13' title="bbox 1008 728 1775 1084">
    <p class='ocr_par' dir='ltr' id='par_1_13' title="bbox 1010 728 1681 806">
     <span class='ocr_line' id='line_1_15' title="bbox 1010 728 1681 806; baseline 0.007 -21"><span class='ocrx_word' id='word_1_97' title='bbox 1010 728 1141 798; x_wconf 80' lang='lat' dir='ltr'><strong>Venerat,</strong></span> <span class='ocrx_word' id='word_1_98' title='bbox 1157 737 1185 785; x_wconf 92' lang='lat' dir='ltr'><strong>et</strong></span> <span class='ocrx_word' id='word_1_99' title='bbox 1197 736 1286 787; x_wconf 90' lang='lat' dir='ltr'><strong>sectas</strong></span> <span class='ocrx_word' id='word_1_100' title='bbox 1299 730 1432 787; x_wconf 74' lang='lat' dir='ltr'><strong>inciderat</strong></span> <span class='ocrx_word' id='word_1_101' title='bbox 1446 731 1534 789; x_wconf 88' lang='lat' dir='ltr'><strong>orbita</strong></span> <span class='ocrx_word' id='word_1_102' title='bbox 1545 731 1681 806; x_wconf 80' lang='lat' dir='ltr'><strong>lymphas.</strong></span> 
     </span>
    </p>

    <p class='ocr_par' dir='ltr' id='par_1_14' title="bbox 1008 822 1775 1084">
     <span class='ocr_line' id='line_1_16' title="bbox 1011 822 1696 899; baseline 0.012 -21"><span class='ocrx_word' id='word_1_103' title='bbox 1011 822 1087 879; x_wconf 91' lang='lat' dir='ltr'><strong>Hanc</strong></span> <span class='ocrx_word' id='word_1_104' title='bbox 1102 834 1131 879; x_wconf 95' lang='lat' dir='ltr'><strong>tu</strong></span> <span class='ocrx_word' id='word_1_105' title='bbox 1143 822 1263 879; x_wconf 90' lang='lat' dir='ltr'><strong>directus</strong></span> <span class='ocrx_word' id='word_1_106' title='bbox 1276 822 1291 862; x_wconf 74' lang='lat'><strong>‘¹</strong></span> <span class='ocrx_word' id='word_1_107' title='bbox 1305 838 1354 895; x_wconf 86' lang='lat' dir='ltr'><strong>per</strong></span> <span class='ocrx_word' id='word_1_108' title='bbox 1364 823 1462 883; x_wconf 84' lang='lat' dir='ltr'><strong>Dacica</strong></span> <span class='ocrx_word' id='word_1_109' title='bbox 1479 841 1543 883; x_wconf 87' lang='lat' dir='ltr'><strong>rura</strong></span> <span class='ocrx_word' id='word_1_110' title='bbox 1555 837 1696 899; x_wconf 82' lang='lat' dir='ltr'><strong>raqantcm</strong></span> 
     </span>
     <span class='ocr_line' id='line_1_17' title="bbox 1008 910 1775 990; baseline 0.004 -14"><span class='ocrx_word' id='word_1_111' title='bbox 1008 917 1161 988; x_wconf 81' lang='lat' dir='ltr'><strong>Contrabis,</strong></span> <span class='ocrx_word' id='word_1_112' title='bbox 1176 917 1340 990; x_wconf 71' lang='lat' dir='ltr'><strong>aggrederis,</strong></span> <span class='ocrx_word' id='word_1_113' title='bbox 1345 931 1472 990; x_wconf 75' lang='lat' dir='ltr'><strong>superas,</strong></span> <span class='ocrx_word' id='word_1_114' title='bbox 1485 918 1612 990; x_wconf 88' lang='lat' dir='ltr'><strong>includis;</strong></span> <span class='ocrx_word' id='word_1_115' title='bbox 1627 931 1656 979; x_wconf 89' lang='lat' dir='ltr'><strong>et</strong></span> <span class='ocrx_word' id='word_1_116' title='bbox 1665 930 1695 979; x_wconf 92' lang='lat' dir='ltr'><strong>ut</strong></span> <span class='ocrx_word' id='word_1_117' title='bbox 1708 932 1736 979; x_wconf 90' lang='lat' dir='ltr'><strong>te</strong></span> <span class='ocrx_word' id='word_1_118' title='bbox 1772 910 1775 915; x_wconf 72' lang='grc'>’</span> 
     </span>
     <span class='ocr_line' id='line_1_18' title="bbox 1009 1010 1589 1084; baseline 0.002 -15"><span class='ocrx_word' id='word_1_119' title='bbox 1009 1012 1111 1069; x_wconf 90' lang='lat' dir='ltr'><strong>Metatu</strong></span> <span class='ocrx_word' id='word_1_120' title='bbox 1123 1011 1211 1084; x_wconf 88' lang='lat' dir='ltr'><strong>spatio</strong></span> <span class='ocrx_word' id='word_1_121' title='bbox 1224 1020 1375 1068; x_wconf 84' lang='lat' dir='ltr'><strong>castrorum</strong></span> <span class='ocrx_word' id='word_1_122' title='bbox 1389 1010 1499 1070; x_wconf 79' lang='lat' dir='ltr'><strong>Serdica</strong></span> <span class='ocrx_word' id='word_1_123' title='bbox 1512 1012 1589 1082; x_wconf 83' lang='lat' dir='ltr'><strong>uidit,</strong></span> 
     </span>
    </p>
   </div>
   <div class='ocr_carea' id='block_1_14' title="bbox 1008 1093 1802 1273">
    <p class='ocr_par' dir='ltr' id='par_1_15' title="bbox 1008 1093 1802 1273">
     <span class='ocr_line' id='line_1_19' title="bbox 1008 1093 1802 1179; baseline 0.009 -18"><span class='ocrx_word' id='word_1_124' title='bbox 1008 1105 1092 1179; x_wconf 75' lang='lat'><strong>298</strong></span> <span class='ocrx_word' id='word_1_125' title='bbox 1105 1104 1252 1162; x_wconf 87' lang='lat' dir='ltr'><strong>Obsidione</strong></span> <span class='ocrx_word' id='word_1_126' title='bbox 1265 1105 1379 1175; x_wconf 90' lang='lat' dir='ltr'><strong>premis;</strong></span> <span class='ocrx_word' id='word_1_127' title='bbox 1402 1120 1462 1177; x_wconf 86' lang='lat' dir='ltr'><strong>quae</strong></span> <span class='ocrx_word' id='word_1_128' title='bbox 1475 1093 1504 1163; x_wconf 72' lang='lat' dir='ltr'><strong>te&#39;</strong></span> <span class='ocrx_word' id='word_1_129' title='bbox 1517 1108 1558 1163; x_wconf 89' lang='lat' dir='ltr'><strong>sic</strong></span> <span class='ocrx_word' id='word_1_130' title='bbox 1576 1116 1697 1179; x_wconf 87' lang='lat' dir='ltr'><strong>tempure</strong></span> <span class='ocrx_word' id='word_1_131' title='bbox 1714 1108 1802 1168; x_wconf 90' lang='lat' dir='ltr'><strong>multo</strong></span> 
     </span>
     <span class='ocr_line' id='line_1_20' title="bbox 1008 1196 1688 1273; baseline 0.006 -19"><span class='ocrx_word' id='word_1_132' title='bbox 1008 1196 1038 1254; x_wconf 93' lang='grc' dir='ltr'><strong>Ιιι</strong></span> <span class='ocrx_word' id='word_1_133' title='bbox 1053 1196 1123 1254; x_wconf 87' lang='lat' dir='ltr'><strong>uallo</strong></span> <span class='ocrx_word' id='word_1_134' title='bbox 1139 1198 1254 1269; x_wconf 87' lang='lat' dir='ltr'><strong>positum</strong></span> <span class='ocrx_word' id='word_1_135' title='bbox 1267 1196 1381 1267; x_wconf 81' lang='lat' dir='ltr'><strong>stupuit,</strong></span> <span class='ocrx_word' id='word_1_136' title='bbox 1396 1198 1468 1269; x_wconf 90' lang='lat' dir='ltr'><strong>quud</strong></span> <span class='ocrx_word' id='word_1_137' title='bbox 1479 1198 1595 1255; x_wconf 85' lang='lat' dir='ltr'><strong>milesia</strong></span> <span class='ocrx_word' id='word_1_138' title='bbox 1607 1214 1688 1273; x_wconf 75' lang='lat' dir='ltr'><strong>aqros</strong></span> 
     </span>
    </p>
   </div>
   <div class='ocr_carea' id='block_1_15' title="bbox 1004 1286 1594 1356">
    <p class='ocr_par' dir='ltr' id='par_1_16' title="bbox 1004 1286 1594 1356">
     <span class='ocr_line' id='line_1_21' title="bbox 1004 1286 1594 1356; baseline 0.005 -12"><span class='ocrx_word' id='word_1_139' title='bbox 1004 1286 1064 1345; x_wconf 79' lang='lat' dir='ltr'><strong>lieo</strong></span> <span class='ocrx_word' id='word_1_140' title='bbox 1073 1287 1162 1356; x_wconf 88' lang='lat' dir='ltr'><strong>licitis,</strong></span> <span class='ocrx_word' id='word_1_141' title='bbox 1179 1304 1230 1346; x_wconf 94' lang='lat' dir='ltr'><strong>nec</strong></span> <span class='ocrx_word' id='word_1_142' title='bbox 1241 1289 1346 1346; x_wconf 82' lang='lat' dir='ltr'><strong>turtinis</strong></span> <span class='ocrx_word' id='word_1_143' title='bbox 1359 1290 1517 1348; x_wconf 81' lang='lat' dir='ltr'><strong>excursibus</strong></span> <span class='ocrx_word' id='word_1_144' title='bbox 1530 1292 1594 1349; x_wconf 90' lang='lat' dir='ltr'><strong>ibat.</strong></span> 
     </span>
    </p>
   </div>
   <div class='ocr_carea' id='block_1_16' title="bbox 162 1372 1736 1456">
    <p class='ocr_par' dir='ltr' id='par_1_17' title="bbox 162 1372 1736 1456">
     <span class='ocr_line' id='line_1_22' title="bbox 162 1372 1736 1456; baseline 0.008 -26"><span class='ocrx_word' id='word_1_145' title='bbox 162 1372 438 1448; x_wconf 71' lang='lat' dir='ltr'><strong>297Gcnsauimis</strong></span> <span class='ocrx_word' id='word_1_146' title='bbox 459 1374 644 1448; x_wconf 82' lang='lat' dir='ltr'><strong>membrisque</strong></span> <span class='ocrx_word' id='word_1_147' title='bbox 658 1376 768 1432; x_wconf 86' lang='lat' dir='ltr'><strong>minax:</strong></span> <span class='ocrx_word' id='word_1_148' title='bbox 782 1376 821 1433; x_wconf 82' lang='lat' dir='ltr'><strong>ita</strong></span> <span class='ocrx_word' id='word_1_149' title='bbox 838 1376 958 1436; x_wconf 83' lang='lat' dir='ltr'><strong>vultibus</strong></span> <span class='ocrx_word' id='word_1_150' title='bbox 1008 1378 1059 1437; x_wconf 84' lang='lat' dir='ltr'><strong>Cui</strong></span> <span class='ocrx_word' id='word_1_151' title='bbox 1071 1379 1178 1438; x_wconf 85' lang='lat' dir='ltr'><strong>deesset</strong></span> <span class='ocrx_word' id='word_1_152' title='bbox 1189 1396 1251 1438; x_wconf 92' lang='lat' dir='ltr'><strong>cutn</strong></span> <span class='ocrx_word' id='word_1_153' title='bbox 1263 1394 1336 1452; x_wconf 79' lang='lat' dir='ltr'><strong>sape</strong></span> <span class='ocrx_word' id='word_1_154' title='bbox 1350 1381 1444 1450; x_wconf 78' lang='lat' dir='ltr'><strong>ceres,</strong></span> <span class='ocrx_word' id='word_1_155' title='bbox 1456 1396 1617 1455; x_wconf 87' lang='lat' dir='ltr'><strong>semperque</strong></span> <span class='ocrx_word' id='word_1_156' title='bbox 1628 1383 1736 1456; x_wconf 73' lang='lat' dir='ltr'><strong>byeus,</strong></span> 
     </span>
    </p>
   </div>
   <div class='ocr_carea' id='block_1_17' title="bbox 138 1469 959 3219">
    <p class='ocr_par' dir='ltr' id='par_1_18' title="bbox 162 1469 922 1917">
     <span class='ocr_line' id='line_1_23' title="bbox 792 1469 869 1544; baseline 0.026 -19"><span class='ocrx_word' id='word_1_157' title='bbox 792 1469 869 1544; x_wconf 83' lang='lat' dir='ltr'><strong>[ipsis</strong></span> 
     </span>
     <span class='ocr_line' id='line_1_24' title="bbox 162 1557 884 1636; baseline 0.007 -19"><span class='ocrx_word' id='word_1_158' title='bbox 162 1557 297 1617; x_wconf 89' lang='lat' dir='ltr'><strong>inlautum</strong></span> <span class='ocrx_word' id='word_1_159' title='bbox 310 1573 375 1616; x_wconf 89' lang='lat' dir='ltr'><strong>suus</strong></span> <span class='ocrx_word' id='word_1_160' title='bbox 388 1559 486 1617; x_wconf 91' lang='lat' dir='ltr'><strong>borror</strong></span> <span class='ocrx_word' id='word_1_161' title='bbox 497 1561 580 1631; x_wconf 89' lang='lat' dir='ltr'><strong>inest;</strong></span> <span class='ocrx_word' id='word_1_162' title='bbox 592 1563 732 1636; x_wconf 76' lang='lat' dir='ltr'><strong>consurgit</strong></span> <span class='ocrx_word' id='word_1_163' title='bbox 742 1563 769 1622; x_wconf 92' lang='lat' dir='ltr'><strong>in</strong></span> <span class='ocrx_word' id='word_1_164' title='bbox 780 1573 884 1622; x_wconf 89' lang='lat' dir='ltr'><strong>arctum</strong></span> 
     </span>
     <span class='ocr_line' id='line_1_25' title="bbox 163 1650 922 1725; baseline 0.012 -18"><span class='ocrx_word' id='word_1_165' title='bbox 163 1650 253 1708; x_wconf 87' lang='lat' dir='ltr'><strong>Hassa</strong></span> <span class='ocrx_word' id='word_1_166' title='bbox 262 1653 377 1708; x_wconf 90' lang='lat' dir='ltr'><strong>rutunda</strong></span> <span class='ocrx_word' id='word_1_167' title='bbox 390 1661 490 1724; x_wconf 77' lang='lat' dir='ltr'><strong>caput3</strong></span> <span class='ocrx_word' id='word_1_168' title='bbox 504 1655 620 1725; x_wconf 75' lang='lat' dir='ltr'><strong>geminis</strong></span> <span class='ocrx_word' id='word_1_169' title='bbox 632 1656 684 1712; x_wconf 92' lang='lat' dir='ltr'><strong>sub</strong></span> <span class='ocrx_word' id='word_1_170' title='bbox 697 1655 785 1715; x_wconf 84' lang='lat' dir='ltr'><strong>trente</strong></span> <span class='ocrx_word' id='word_1_171' title='bbox 798 1660 922 1717; x_wconf 85' lang='lat' dir='ltr'><strong>cauernis</strong></span> 
     </span>
     <span class='ocr_line' id='line_1_26' title="bbox 168 1742 816 1815; baseline 0.012 -16"><span class='ocrx_word' id='word_1_172' title='bbox 168 1742 248 1802; x_wconf 73' lang='lat' dir='ltr'><strong>Visus</strong></span> <span class='ocrx_word' id='word_1_173' title='bbox 262 1743 338 1799; x_wconf 88' lang='lat' dir='ltr'><strong>adest</strong></span> <span class='ocrx_word' id='word_1_174' title='bbox 350 1743 438 1801; x_wconf 91' lang='lat' dir='ltr'><strong>oculis</strong></span> <span class='ocrx_word' id='word_1_175' title='bbox 451 1744 608 1803; x_wconf 80' lang='lat' dir='ltr'><strong>absentibus</strong></span> <span class='ocrx_word' id='word_1_176' title='bbox 619 1763 627 1815; x_wconf 89' lang='lat'>;</span> <span class='ocrx_word' id='word_1_177' title='bbox 639 1756 698 1806; x_wconf 89' lang='lat' dir='ltr'><strong>acta</strong></span> <span class='ocrx_word' id='word_1_178' title='bbox 711 1751 816 1808; x_wconf 84' lang='lat' dir='ltr'><strong>cerebri</strong></span> 
     </span>
     <span class='ocr_line' id='line_1_27' title="bbox 162 1836 875 1917; baseline 0.013 -22"><span class='ocrx_word' id='word_1_179' title='bbox 162 1836 343 1896; x_wconf 80' lang='lat' dir='ltr'><strong>lucanorum</strong></span> <span class='ocrx_word' id='word_1_180' title='bbox 358 1839 403 1894; x_wconf 85' lang='lat' dir='ltr'><strong>rix</strong></span> <span class='ocrx_word' id='word_1_181' title='bbox 417 1839 452 1895; x_wconf 88' lang='lat' dir='ltr'><strong>ad</strong></span> <span class='ocrx_word' id='word_1_182' title='bbox 466 1839 576 1911; x_wconf 77' lang='lat' dir='ltr'><strong>refugos</strong></span> <span class='ocrx_word' id='word_1_183' title='bbox 589 1842 633 1897; x_wconf 93' lang='lat' dir='ltr'><strong>lux</strong></span> <span class='ocrx_word' id='word_1_184' title='bbox 649 1844 875 1917; x_wconf 62' lang='lat' dir='ltr'><strong>peruenitbrbcs,</strong></span> 
     </span>
    </p>

    <p class='ocr_par' dir='ltr' id='par_1_19' title="bbox 161 1928 922 2378">
     <span class='ocr_line' id='line_1_28' title="bbox 162 1928 922 2012; baseline 0.013 -24"><span class='ocrx_word' id='word_1_185' title='bbox 162 1928 225 1988; x_wconf 78' lang='lat' dir='ltr'><strong>Non</strong></span> <span class='ocrx_word' id='word_1_186' title='bbox 237 1939 325 1986; x_wconf 86' lang='lat' dir='ltr'><strong>tamen</strong></span> <span class='ocrx_word' id='word_1_187' title='bbox 340 1937 369 1986; x_wconf 88' lang='lat' dir='ltr'><strong>et</strong></span> <span class='ocrx_word' id='word_1_188' title='bbox 383 1930 508 1988; x_wconf 87' lang='lat' dir='ltr'><strong>clausos:</strong></span> <span class='ocrx_word' id='word_1_189' title='bbox 523 1948 585 1990; x_wconf 92' lang='lat' dir='ltr'><strong>nam</strong></span> <span class='ocrx_word' id='word_1_190' title='bbox 600 1935 704 1995; x_wconf 86' lang='lat' dir='ltr'><strong>lurnlce</strong></span> <span class='ocrx_word' id='word_1_191' title='bbox 718 1954 771 1996; x_wconf 91' lang='lat' dir='ltr'><strong>non</strong></span> <span class='ocrx_word' id='word_1_192' title='bbox 791 1941 922 2012; x_wconf 86' lang='lat' dir='ltr'><strong>spatioso,</strong></span> 
     </span>
     <span class='ocr_line' id='line_1_29' title="bbox 163 2021 846 2097; baseline 0.013 -16"><span class='ocrx_word' id='word_1_193' title='bbox 163 2021 260 2095; x_wconf 69' lang='lat' dir='ltr'><strong>Magna</strong></span> <span class='ocrx_word' id='word_1_194' title='bbox 273 2023 366 2080; x_wconf 82' lang='lat' dir='ltr'><strong>rident</strong></span> <span class='ocrx_word' id='word_1_195' title='bbox 377 2024 475 2096; x_wconf 91' lang='lat' dir='ltr'><strong>spatia,</strong></span> <span class='ocrx_word' id='word_1_196' title='bbox 486 2035 514 2082; x_wconf 92' lang='lat' dir='ltr'><strong>et</strong></span> <span class='ocrx_word' id='word_1_197' title='bbox 525 2026 637 2097; x_wconf 82' lang='lat' dir='ltr'><strong>majoris</strong></span> <span class='ocrx_word' id='word_1_198' title='bbox 649 2028 759 2089; x_wconf 90' lang='lat' dir='ltr'><strong>luminis</strong></span> <span class='ocrx_word' id='word_1_199' title='bbox 769 2046 846 2090; x_wconf 89' lang='lat' dir='ltr'><strong>usum</strong></span> 
     </span>
     <span class='ocr_line' id='line_1_30' title="bbox 163 2113 920 2196; baseline 0.017 -24"><span class='ocrx_word' id='word_1_200' title='bbox 163 2113 310 2187; x_wconf 82' lang='lat' dir='ltr'><strong>Perspicua</strong></span> <span class='ocrx_word' id='word_1_201' title='bbox 325 2116 353 2172; x_wconf 92' lang='lat' dir='ltr'><strong>iu</strong></span> <span class='ocrx_word' id='word_1_202' title='bbox 367 2116 456 2187; x_wconf 89' lang='lat' dir='ltr'><strong>puteis</strong></span> <span class='ocrx_word' id='word_1_203' title='bbox 465 2130 642 2190; x_wconf 85' lang='lat' dir='ltr'><strong>compensant</strong></span> <span class='ocrx_word' id='word_1_204' title='bbox 655 2133 754 2193; x_wconf 89' lang='lat' dir='ltr'><strong>puncta</strong></span> <span class='ocrx_word' id='word_1_205' title='bbox 770 2126 920 2196; x_wconf 76' lang='lat' dir='ltr'><strong>profundis.</strong></span> 
     </span>
     <span class='ocr_line' id='line_1_31' title="bbox 161 2206 816 2288; baseline 0.012 -22"><span class='ocrx_word' id='word_1_206' title='bbox 161 2206 234 2266; x_wconf 84' lang='grc' dir='ltr'>’1ιιιιι</span> <span class='ocrx_word' id='word_1_207' title='bbox 248 2224 282 2267; x_wconf 91' lang='lat' dir='ltr'><strong>ne</strong></span> <span class='ocrx_word' id='word_1_208' title='bbox 291 2223 341 2281; x_wconf 88' lang='lat' dir='ltr'><strong>per</strong></span> <span class='ocrx_word' id='word_1_209' title='bbox 353 2211 438 2268; x_wconf 90' lang='lat' dir='ltr'><strong>malas</strong></span> <span class='ocrx_word' id='word_1_210' title='bbox 450 2223 590 2271; x_wconf 86' lang='lat' dir='ltr'><strong>excrescat</strong></span> <span class='ocrx_word' id='word_1_211' title='bbox 601 2215 689 2271; x_wconf 84' lang='lat' dir='ltr'><strong>fistula</strong></span> <span class='ocrx_word' id='word_1_212' title='bbox 704 2216 816 2288; x_wconf 84' lang='lat' dir='ltr'><strong>duplex,</strong></span> 
     </span>
     <span class='ocr_line' id='line_1_32' title="bbox 164 2300 798 2378; baseline 0.013 -19"><span class='ocrx_word' id='word_1_213' title='bbox 164 2300 296 2359; x_wconf 77' lang='lat' dir='ltr'><strong>obtundit</strong></span> <span class='ocrx_word' id='word_1_214' title='bbox 306 2310 413 2360; x_wconf 85' lang='lat' dir='ltr'><strong>teneras</strong></span> <span class='ocrx_word' id='word_1_215' title='bbox 427 2304 593 2362; x_wconf 85' lang='lat' dir='ltr'><strong>circumdata</strong></span> <span class='ocrx_word' id='word_1_216' title='bbox 611 2307 694 2364; x_wconf 87' lang='lat' dir='ltr'><strong>lasela</strong></span> <span class='ocrx_word' id='word_1_217' title='bbox 707 2323 798 2378; x_wconf 90' lang='lat' dir='ltr'><strong>nares,</strong></span> 
     </span>
    </p>

    <p class='ocr_par' dir='ltr' id='par_1_20' title="bbox 164 2392 958 2839">
     <span class='ocr_line' id='line_1_33' title="bbox 164 2392 810 2470; baseline 0.009 -19"><span class='ocrx_word' id='word_1_218' title='bbox 164 2392 205 2451; x_wconf 81' lang='lat' dir='ltr'><strong>tit</strong></span> <span class='ocrx_word' id='word_1_219' title='bbox 221 2394 306 2466; x_wconf 75' lang='lat' dir='ltr'><strong>pateis</strong></span> <span class='ocrx_word' id='word_1_220' title='bbox 318 2393 428 2451; x_wconf 88' lang='lat' dir='ltr'><strong>cedant.</strong></span> <span class='ocrx_word' id='word_1_221' title='bbox 439 2395 486 2453; x_wconf 88' lang='lat' dir='ltr'><strong>Sic</strong></span> <span class='ocrx_word' id='word_1_222' title='bbox 502 2406 612 2470; x_wconf 88' lang='lat' dir='ltr'><strong>propter</strong></span> <span class='ocrx_word' id='word_1_223' title='bbox 625 2399 719 2470; x_wconf 85' lang='lat' dir='ltr'><strong>praelia</strong></span> <span class='ocrx_word' id='word_1_224' title='bbox 732 2407 810 2457; x_wconf 90' lang='lat' dir='ltr'><strong>natos</strong></span> 
     </span>
     <span class='ocr_line' id='line_1_34' title="bbox 165 2487 855 2567; baseline 0.012 -21"><span class='ocrx_word' id='word_1_225' title='bbox 165 2487 304 2546; x_wconf 77' lang='lat' dir='ltr'><strong>Maurum</strong></span> <span class='ocrx_word' id='word_1_226' title='bbox 316 2488 449 2547; x_wconf 75' lang='lat' dir='ltr'><strong>deformat</strong></span> <span class='ocrx_word' id='word_1_227' title='bbox 464 2505 551 2562; x_wconf 88' lang='lat' dir='ltr'><strong>amor,</strong></span> <span class='ocrx_word' id='word_1_228' title='bbox 562 2492 624 2564; x_wconf 90' lang='lat' dir='ltr'><strong>quia</strong></span> <span class='ocrx_word' id='word_1_229' title='bbox 639 2502 716 2552; x_wconf 87' lang='lat' dir='ltr'><strong>tensa</strong></span> <span class='ocrx_word' id='word_1_230' title='bbox 725 2509 855 2567; x_wconf 70' lang='lat' dir='ltr'><strong>genarum</strong></span> 
     </span>
     <span class='ocr_line' id='line_1_35' title="bbox 165 2580 822 2667; baseline 0.011 -27"><span class='ocrx_word' id='word_1_231' title='bbox 165 2580 591 2654; x_wconf 80' lang='lat' dir='ltr'><strong>Horainteriectobtiatlorarea</strong></span> <span class='ocrx_word' id='word_1_232' title='bbox 604 2600 682 2667; x_wconf 74' lang='lat' dir='ltr'><strong>naso.</strong></span> <span class='ocrx_word' id='word_1_233' title='bbox 816 2648 822 2656; x_wconf 82' lang='grc'><strong><em>,</em></strong></span> 
     </span>
     <span class='ocr_line' id='line_1_36' title="bbox 166 2672 958 2756; baseline 0.013 -25"><span class='ocrx_word' id='word_1_234' title='bbox 166 2672 273 2732; x_wconf 72' lang='lat' dir='ltr'><strong>Cetera</strong></span> <span class='ocrx_word' id='word_1_235' title='bbox 294 2690 358 2747; x_wconf 90' lang='lat' dir='ltr'><strong>pars</strong></span> <span class='ocrx_word' id='word_1_236' title='bbox 372 2684 414 2733; x_wconf 89' lang='lat' dir='ltr'><strong>est</strong></span> <span class='ocrx_word' id='word_1_237' title='bbox 433 2676 546 2748; x_wconf 85' lang='lat' dir='ltr'><strong>pulchra</strong></span> <span class='ocrx_word' id='word_1_238' title='bbox 561 2679 642 2746; x_wconf 86' lang='lat' dir='ltr'><strong>riris;</strong></span> <span class='ocrx_word' id='word_1_239' title='bbox 660 2690 732 2739; x_wconf 88' lang='lat' dir='ltr'><strong>stant</strong></span> <span class='ocrx_word' id='word_1_240' title='bbox 747 2690 858 2754; x_wconf 89' lang='lat' dir='ltr'><strong>pectora</strong></span> <span class='ocrx_word' id='word_1_241' title='bbox 870 2696 958 2756; x_wconf 86' lang='lat' dir='ltr'><strong>uasta,</strong></span> 
     </span>
     <span class='ocr_line' id='line_1_37' title="bbox 167 2766 817 2839; baseline 0.011 -15"><span class='ocrx_word' id='word_1_242' title='bbox 167 2766 415 2839; x_wconf 78' lang='lat' dir='ltr'><strong>lusiqnesbumeri,</strong></span> <span class='ocrx_word' id='word_1_243' title='bbox 430 2770 569 2828; x_wconf 88' lang='lat' dir='ltr'><strong>succincta</strong></span> <span class='ocrx_word' id='word_1_244' title='bbox 589 2773 722 2831; x_wconf 87' lang='lat' dir='ltr'><strong>subilibus</strong></span> <span class='ocrx_word' id='word_1_245' title='bbox 731 2775 817 2833; x_wconf 84' lang='lat' dir='ltr'><strong>altus.</strong></span> 
     </span>
    </p>

    <p class='ocr_par' dir='ltr' id='par_1_21' title="bbox 167 2857 959 3035">
     <span class='ocr_line' id='line_1_38' title="bbox 167 2857 959 2944; baseline 0.018 -27"><span class='ocrx_word' id='word_1_246' title='bbox 167 2857 266 2918; x_wconf 78' lang='lat' dir='ltr'><strong>Forma</strong></span> <span class='ocrx_word' id='word_1_247' title='bbox 280 2859 389 2934; x_wconf 81' lang='lat' dir='ltr'><strong>quidam</strong></span> <span class='ocrx_word' id='word_1_248' title='bbox 407 2861 491 2933; x_wconf 85' lang='lat' dir='ltr'><strong>pediti</strong></span> <span class='ocrx_word' id='word_1_249' title='bbox 506 2863 659 2934; x_wconf 89' lang='lat' dir='ltr'><strong>media&#39;cst,</strong></span> <span class='ocrx_word' id='word_1_250' title='bbox 671 2881 785 2938; x_wconf 88' lang='lat' dir='ltr'><strong>procera</strong></span> <span class='ocrx_word' id='word_1_251' title='bbox 798 2870 847 2929; x_wconf 89' lang='lat' dir='ltr'><strong>sad</strong></span> <span class='ocrx_word' id='word_1_252' title='bbox 861 2880 959 2944; x_wconf 90' lang='lat' dir='ltr'><strong>exstat,</strong></span> 
     </span>
     <span class='ocr_line' id='line_1_39' title="bbox 168 2952 800 3035; baseline 0.011 -23"><span class='ocrx_word' id='word_1_253' title='bbox 168 2952 200 3012; x_wconf 87' lang='lat' dir='ltr'><strong>Si</strong></span> <span class='ocrx_word' id='word_1_254' title='bbox 209 2968 305 3012; x_wconf 88' lang='lat' dir='ltr'><strong>cernas</strong></span> <span class='ocrx_word' id='word_1_255' title='bbox 318 2953 433 3027; x_wconf 87' lang='lat' dir='ltr'><strong>equites,</strong></span> <span class='ocrx_word' id='word_1_256' title='bbox 445 2956 484 3013; x_wconf 87' lang='lat' dir='ltr'><strong>sic</strong></span> <span class='ocrx_word' id='word_1_257' title='bbox 496 2955 569 3029; x_wconf 81' lang='lat' dir='ltr'><strong>lonqi</strong></span> <span class='ocrx_word' id='word_1_258' title='bbox 579 2971 652 3030; x_wconf 84' lang='lat' dir='ltr'><strong>sape</strong></span> <span class='ocrx_word' id='word_1_259' title='bbox 663 2968 800 3035; x_wconf 91' lang='lat' dir='ltr'><strong>putantur,</strong></span> 
     </span>
    </p>

    <p class='ocr_par' dir='ltr' id='par_1_22' title="bbox 168 3046 909 3125">
     <span class='ocr_line' id='line_1_40' title="bbox 168 3046 909 3125; baseline 0.016 -21"><span class='ocrx_word' id='word_1_260' title='bbox 168 3046 199 3104; x_wconf 92' lang='lat' dir='ltr'><strong>Si</strong></span> <span class='ocrx_word' id='word_1_261' title='bbox 213 3046 335 3106; x_wconf 79' lang='lat' dir='ltr'><strong>sedeant.</strong></span> <span class='ocrx_word' id='word_1_262' title='bbox 349 3048 399 3105; x_wconf 78' lang='lat' dir='ltr'><strong>Vix</strong></span> <span class='ocrx_word' id='word_1_263' title='bbox 413 3058 502 3106; x_wconf 89' lang='lat' dir='ltr'><strong>matre</strong></span> <span class='ocrx_word' id='word_1_264' title='bbox 518 3065 616 3110; x_wconf 88' lang='lat' dir='ltr'><strong>careus</strong></span> <span class='ocrx_word' id='word_1_265' title='bbox 631 3059 661 3110; x_wconf 93' lang='lat' dir='ltr'><strong>ut</strong></span> <span class='ocrx_word' id='word_1_266' title='bbox 674 3054 796 3114; x_wconf 90' lang='lat' dir='ltr'><strong>constitit</strong></span> <span class='ocrx_word' id='word_1_267' title='bbox 810 3056 909 3125; x_wconf 87' lang='lat' dir='ltr'><strong>inians,</strong></span> 
     </span>
    </p>

    <p class='ocr_par' dir='ltr' id='par_1_23' title="bbox 138 3139 833 3219">
     <span class='ocr_line' id='line_1_41' title="bbox 138 3139 833 3219; baseline 0.014 -20"><span class='ocrx_word' id='word_1_268' title='bbox 138 3170 144 3180; x_wconf 92' lang='lat'><strong>·</strong></span> <span class='ocrx_word' id='word_1_269' title='bbox 170 3139 232 3200; x_wconf 86' lang='lat' dir='ltr'><strong>llox</strong></span> <span class='ocrx_word' id='word_1_270' title='bbox 244 3143 346 3214; x_wconf 84' lang='lat' dir='ltr'><strong>praebet</strong></span> <span class='ocrx_word' id='word_1_271' title='bbox 357 3143 468 3201; x_wconf 88' lang='lat' dir='ltr'><strong>dorsum</strong></span> <span class='ocrx_word' id='word_1_272' title='bbox 481 3146 608 3218; x_wconf 86' lang='lat' dir='ltr'><strong>sonipes;</strong></span> <span class='ocrx_word' id='word_1_273' title='bbox 623 3160 739 3219; x_wconf 72' lang='lat' dir='ltr'><strong>cognata</strong></span> <span class='ocrx_word' id='word_1_274' title='bbox 753 3165 833 3209; x_wconf 88' lang='lat' dir='ltr'><strong>reare</strong></span> 
     </span>
    </p>
   </div>
   <div class='ocr_carea' id='block_1_18' title="bbox 1008 1472 1803 1826">
    <p class='ocr_par' dir='ltr' id='par_1_24' title="bbox 1009 1472 1683 1548">
     <span class='ocr_line' id='line_1_42' title="bbox 1009 1472 1683 1548; baseline 0.007 -20"><span class='ocrx_word' id='word_1_275' title='bbox 1009 1472 1154 1543; x_wconf 82' lang='lat' dir='ltr'><strong>Disciplina</strong></span> <span class='ocrx_word' id='word_1_276' title='bbox 1170 1480 1260 1530; x_wconf 88' lang='lat' dir='ltr'><strong>tamen</strong></span> <span class='ocrx_word' id='word_1_277' title='bbox 1272 1488 1326 1531; x_wconf 92' lang='lat' dir='ltr'><strong>uon</strong></span> <span class='ocrx_word' id='word_1_278' title='bbox 1337 1472 1438 1539; x_wconf 73' lang='lat' dir='ltr'><strong>defalta</strong></span> <span class='ocrx_word' id='word_1_279' title='bbox 1454 1473 1518 1533; x_wconf 89' lang='lat' dir='ltr'><strong>inde</strong></span> <span class='ocrx_word' id='word_1_280' title='bbox 1533 1475 1683 1548; x_wconf 90' lang='lat' dir='ltr'><strong>propinquo</strong></span> 
     </span>
    </p>

    <p class='ocr_par' dir='ltr' id='par_1_25' title="bbox 1008 1554 1803 1826">
     <span class='ocr_line' id='line_1_43' title="bbox 1009 1554 1803 1639; baseline 0.009 -18"><span class='ocrx_word' id='word_1_281' title='bbox 1009 1565 1092 1622; x_wconf 87' lang='lat' dir='ltr'><strong>Hoste</strong></span> <span class='ocrx_word' id='word_1_282' title='bbox 1104 1565 1189 1637; x_wconf 83' lang='lat' dir='ltr'><strong>maqis</strong></span> <span class='ocrx_word' id='word_1_283' title='bbox 1201 1566 1316 1623; x_wconf 89' lang='lat' dir='ltr'><strong>timuere</strong></span> <span class='ocrx_word' id='word_1_284' title='bbox 1326 1565 1440 1635; x_wconf 86' lang='lat' dir='ltr'><strong>ducem;</strong></span> <span class='ocrx_word' id='word_1_285' title='bbox 1454 1554 1494 1625; x_wconf 77' lang='lat' dir='ltr'><strong>sic</strong></span> <span class='ocrx_word' id='word_1_286' title='bbox 1506 1566 1623 1639; x_wconf 88' lang='lat' dir='ltr'><strong>denique</strong></span> <span class='ocrx_word' id='word_1_287' title='bbox 1635 1567 1736 1626; x_wconf 87' lang='lat' dir='ltr'><strong>iactum</strong></span> <span class='ocrx_word' id='word_1_288' title='bbox 1749 1576 1803 1639; x_wconf 84' lang='lat' dir='ltr'><strong>ert,</strong></span> 
     </span>
     <span class='ocr_line' id='line_1_44' title="bbox 1011 1658 1701 1733; baseline 0.004 -18"><span class='ocrx_word' id='word_1_289' title='bbox 1011 1659 1045 1715; x_wconf 85' lang='lat' dir='ltr'><strong>ba</strong></span> <span class='ocrx_word' id='word_1_290' title='bbox 1061 1668 1073 1697; x_wconf 66' lang='grc' dir='ltr'>ι</span> <span class='ocrx_word' id='word_1_291' title='bbox 1088 1658 1178 1715; x_wconf 90' lang='lat' dir='ltr'><strong>socius</strong></span> <span class='ocrx_word' id='word_1_292' title='bbox 1190 1666 1245 1714; x_wconf 89' lang='lat' dir='ltr'><strong>tum</strong></span> <span class='ocrx_word' id='word_1_293' title='bbox 1260 1659 1330 1715; x_wconf 83' lang='lat' dir='ltr'><strong>torte</strong></span> <span class='ocrx_word' id='word_1_294' title='bbox 1341 1666 1414 1729; x_wconf 89' lang='lat' dir='ltr'><strong>tuus,</strong></span> <span class='ocrx_word' id='word_1_295' title='bbox 1428 1674 1491 1718; x_wconf 87' lang='lat' dir='ltr'><strong>mox</strong></span> <span class='ocrx_word' id='word_1_296' title='bbox 1504 1660 1635 1733; x_wconf 88' lang='lat' dir='ltr'><strong>proditor,</strong></span> <span class='ocrx_word' id='word_1_297' title='bbox 1647 1661 1701 1718; x_wconf 89' lang='lat' dir='ltr'><strong>iliis</strong></span> 
     </span>
     <span class='ocr_line' id='line_1_45' title="bbox 1008 1747 1744 1826; baseline 0.008 -22"><span class='ocrx_word' id='word_1_298' title='bbox 1008 1747 1120 1805; x_wconf 82' lang='lat' dir='ltr'><strong>Frustra</strong></span> <span class='ocrx_word' id='word_1_299' title='bbox 1134 1758 1208 1820; x_wconf 71' lang='lat' dir='ltr'><strong>terga</strong></span> <span class='ocrx_word' id='word_1_300' title='bbox 1218 1750 1306 1819; x_wconf 90' lang='lat' dir='ltr'><strong>daret,</strong></span> <span class='ocrx_word' id='word_1_301' title='bbox 1321 1750 1474 1808; x_wconf 77' lang='lat' dir='ltr'><strong>commissae</strong></span> <span class='ocrx_word' id='word_1_302' title='bbox 1488 1762 1611 1824; x_wconf 90' lang='lat' dir='ltr'><strong>tempore</strong></span> <span class='ocrx_word' id='word_1_303' title='bbox 1625 1767 1721 1826; x_wconf 69' lang='lat' dir='ltr'><strong>pugna</strong></span> <span class='ocrx_word' id='word_1_304' title='bbox 1736 1771 1744 1810; x_wconf 81' lang='lat' dir='ltr'><strong>a</strong></span> 
     </span>
    </p>
   </div>
   <div class='ocr_carea' id='block_1_19' title="bbox 971 1839 1739 1918">
    <p class='ocr_par' dir='ltr' id='par_1_26' title="bbox 971 1839 1739 1918">
     <span class='ocr_line' id='line_1_46' title="bbox 971 1839 1739 1918; baseline 0.007 -17"><span class='ocrx_word' id='word_1_305' title='bbox 971 1839 1061 1911; x_wconf 79' lang='lat' dir='ltr'><strong>Huni</strong></span> <span class='ocrx_word' id='word_1_306' title='bbox 1072 1843 1130 1915; x_wconf 85' lang='lat' dir='ltr'><strong>jam</strong></span> <span class='ocrx_word' id='word_1_307' title='bbox 1144 1859 1206 1901; x_wconf 91' lang='lat' dir='ltr'><strong>cum</strong></span> <span class='ocrx_word' id='word_1_308' title='bbox 1217 1843 1334 1918; x_wconf 77' lang='lat' dir='ltr'><strong>lugeret,</strong></span> <span class='ocrx_word' id='word_1_309' title='bbox 1343 1845 1414 1903; x_wconf 91' lang='lat' dir='ltr'><strong>llexo</strong></span> <span class='ocrx_word' id='word_1_310' title='bbox 1427 1846 1499 1917; x_wconf 86' lang='lat' dir='ltr'><strong>pedo</strong></span> <span class='ocrx_word' id='word_1_311' title='bbox 1510 1862 1611 1906; x_wconf 91' lang='lat' dir='ltr'><strong>cornua</strong></span> <span class='ocrx_word' id='word_1_312' title='bbox 1623 1848 1739 1916; x_wconf 90' lang='lat' dir='ltr'><strong>nudans,</strong></span> 
     </span>
    </p>
   </div>
   <div class='ocr_carea' id='block_1_20' title="bbox 1010 1934 1810 3215">
    <p class='ocr_par' dir='ltr' id='par_1_27' title="bbox 1010 1934 1701 2273">
     <span class='ocr_line' id='line_1_47' title="bbox 1010 1934 1584 2015; baseline 0.01 -23"><span class='ocrx_word' id='word_1_313' title='bbox 1010 1936 1050 1993; x_wconf 83' lang='lat' dir='ltr'><strong>Tu</strong></span> <span class='ocrx_word' id='word_1_314' title='bbox 1064 1938 1155 1995; x_wconf 92' lang='lat' dir='ltr'><strong>stabas</strong></span> <span class='ocrx_word' id='word_1_315' title='bbox 1168 1939 1226 1995; x_wconf 84' lang='lat' dir='ltr'><strong>acic</strong></span> <span class='ocrx_word' id='word_1_316' title='bbox 1239 1940 1325 2009; x_wconf 87' lang='lat' dir='ltr'><strong>solus,</strong></span> <span class='ocrx_word' id='word_1_317' title='bbox 1341 1949 1367 1996; x_wconf 92' lang='lat' dir='ltr'><strong>te</strong></span> <span class='ocrx_word' id='word_1_318' title='bbox 1380 1934 1476 2012; x_wconf 82' lang='lat' dir='ltr'><strong>sparsa</strong></span> <span class='ocrx_word' id='word_1_319' title='bbox 1494 1939 1584 2015; x_wconf 77' lang='lat' dir='ltr'><strong>iuqaci</strong></span> 
     </span>
     <span class='ocr_line' id='line_1_48' title="bbox 1010 2029 1648 2106; baseline 0.009 -20"><span class='ocrx_word' id='word_1_320' title='bbox 1010 2029 1130 2100; x_wconf 75' lang='lat' dir='ltr'><strong>Expedit</strong></span> <span class='ocrx_word' id='word_1_321' title='bbox 1146 2030 1260 2088; x_wconf 90' lang='lat' dir='ltr'><strong>ductore</strong></span> <span class='ocrx_word' id='word_1_322' title='bbox 1269 2046 1377 2101; x_wconf 84' lang='lat' dir='ltr'><strong>manus,</strong></span> <span class='ocrx_word' id='word_1_323' title='bbox 1391 2040 1419 2089; x_wconf 90' lang='lat' dir='ltr'><strong>te</strong></span> <span class='ocrx_word' id='word_1_324' title='bbox 1431 2034 1517 2092; x_wconf 89' lang='lat' dir='ltr'><strong>Marte</strong></span> <span class='ocrx_word' id='word_1_325' title='bbox 1529 2036 1648 2106; x_wconf 75' lang='lat' dir='ltr'><strong>pedestri</strong></span> 
     </span>
     <span class='ocr_line' id='line_1_49' title="bbox 1011 2115 1701 2196; baseline 0.006 -17"><span class='ocrx_word' id='word_1_326' title='bbox 1011 2120 1158 2180; x_wconf 85' lang='lat' dir='ltr'><strong>Sudantem</strong></span> <span class='ocrx_word' id='word_1_327' title='bbox 1174 2122 1313 2194; x_wconf 88' lang='lat' dir='ltr'><strong>repetebat</strong></span> <span class='ocrx_word' id='word_1_328' title='bbox 1332 2138 1435 2196; x_wconf 88' lang='lat' dir='ltr'><strong>eques;</strong></span> <span class='ocrx_word' id='word_1_329' title='bbox 1450 2132 1493 2181; x_wconf 89' lang='lat' dir='ltr'><strong>tua</strong></span> <span class='ocrx_word' id='word_1_330' title='bbox 1505 2126 1581 2196; x_wconf 77' lang='lat' dir='ltr'><strong>siqua</strong></span> <span class='ocrx_word' id='word_1_331' title='bbox 1592 2115 1701 2184; x_wconf 81' lang='lat' dir='ltr'><strong>secutus</strong></span> 
     </span>
     <span class='ocr_line' id='line_1_50' title="bbox 1010 2212 1619 2273; baseline 0.002 -3"><span class='ocrx_word' id='word_1_332' title='bbox 1010 2212 1069 2270; x_wconf 86' lang='lat' dir='ltr'><strong>Hun</strong></span> <span class='ocrx_word' id='word_1_333' title='bbox 1082 2228 1114 2271; x_wconf 90' lang='lat' dir='ltr'><strong>se</strong></span> <span class='ocrx_word' id='word_1_334' title='bbox 1125 2213 1264 2271; x_wconf 88' lang='lat' dir='ltr'><strong>desertum</strong></span> <span class='ocrx_word' id='word_1_335' title='bbox 1273 2214 1360 2272; x_wconf 90' lang='lat' dir='ltr'><strong>sensit</strong></span> <span class='ocrx_word' id='word_1_336' title='bbox 1371 2216 1520 2273; x_wconf 89' lang='lat' dir='ltr'><strong>certamine</strong></span> <span class='ocrx_word' id='word_1_337' title='bbox 1530 2216 1619 2273; x_wconf 89' lang='lat' dir='ltr'><strong>miles.</strong></span> 
     </span>
    </p>

    <p class='ocr_par' dir='ltr' id='par_1_28' title="bbox 1012 2309 1810 3215">
     <span class='ocr_line' id='line_1_51' title="bbox 1047 2309 1638 2383; baseline 0 -15"><span class='ocrx_word' id='word_1_338' title='bbox 1047 2309 1151 2379; x_wconf 92' lang='lat' dir='ltr'><strong>lnunc,</strong></span> <span class='ocrx_word' id='word_1_339' title='bbox 1161 2319 1189 2367; x_wconf 90' lang='lat' dir='ltr'><strong>ct</strong></span> <span class='ocrx_word' id='word_1_340' title='bbox 1201 2311 1301 2369; x_wconf 84' lang='lat' dir='ltr'><strong>ueteris</strong></span> <span class='ocrx_word' id='word_1_341' title='bbox 1313 2311 1406 2383; x_wconf 90' lang='lat' dir='ltr'><strong>proler</strong></span> <span class='ocrx_word' id='word_1_342' title='bbox 1418 2314 1552 2382; x_wconf 77' lang='lat' dir='ltr'><strong>preconia</strong></span> <span class='ocrx_word' id='word_1_343' title='bbox 1565 2311 1638 2368; x_wconf 81' lang='lat' dir='ltr'><strong>Tulli</strong></span> 
     </span>
     <span class='ocr_line' id='line_1_52' title="bbox 1012 2394 1804 2476; baseline 0.008 -16"><span class='ocrx_word' id='word_1_344' title='bbox 1012 2401 1091 2460; x_wconf 78' lang='lat' dir='ltr'><strong>AEtas</strong></span> <span class='ocrx_word' id='word_1_345' title='bbox 1103 2418 1170 2462; x_wconf 89' lang='lat' dir='ltr'><strong>cana</strong></span> <span class='ocrx_word' id='word_1_346' title='bbox 1187 2413 1303 2475; x_wconf 90' lang='lat' dir='ltr'><strong>patrum,</strong></span> <span class='ocrx_word' id='word_1_347' title='bbox 1319 2404 1392 2476; x_wconf 91' lang='lat' dir='ltr'><strong>quod</strong></span> <span class='ocrx_word' id='word_1_348' title='bbox 1406 2404 1519 2476; x_wconf 86' lang='lat' dir='ltr'><strong>pulchro</strong></span> <span class='ocrx_word' id='word_1_349' title='bbox 1529 2394 1804 2467; x_wconf 80' lang='lat' dir='ltr'><strong>trorumm&#39;mendaa</strong></span> 
     </span>
     <span class='ocr_line' id='line_1_53' title="bbox 1012 2495 1810 2568; baseline 0 -15"><span class='ocrx_word' id='word_1_350' title='bbox 1012 2496 1136 2554; x_wconf 83' lang='lat' dir='ltr'><strong>occuluit</strong></span> <span class='ocrx_word' id='word_1_351' title='bbox 1148 2495 1233 2568; x_wconf 82' lang='lat' dir='ltr'><strong>reluqi</strong></span> <span class='ocrx_word' id='word_1_352' title='bbox 1244 2496 1366 2555; x_wconf 90' lang='lat' dir='ltr'><strong>nutantia</strong></span> <span class='ocrx_word' id='word_1_353' title='bbox 1375 2496 1479 2554; x_wconf 85' lang='lat' dir='ltr'><strong>loedera</strong></span> <span class='ocrx_word' id='word_1_354' title='bbox 1490 2497 1576 2555; x_wconf 90' lang='lat' dir='ltr'><strong>Metti.</strong></span> <span class='ocrx_word' id='word_1_355' title='bbox 1805 2546 1810 2561; x_wconf 74' lang='lat'><em>‚</em></span> 
     </span>
     <span class='ocr_line' id='line_1_54' title="bbox 1012 2585 1803 2661; baseline 0.006 -19"><span class='ocrx_word' id='word_1_356' title='bbox 1012 2585 1057 2643; x_wconf 85' lang='lat' dir='ltr'><strong>llil</strong></span> <span class='ocrx_word' id='word_1_357' title='bbox 1070 2586 1159 2645; x_wconf 90' lang='lat' dir='ltr'><strong>simile</strong></span> <span class='ocrx_word' id='word_1_358' title='bbox 1173 2596 1226 2657; x_wconf 88' lang='lat' dir='ltr'><strong>est,</strong></span> <span class='ocrx_word' id='word_1_359' title='bbox 1243 2586 1352 2658; x_wconf 86' lang='lat' dir='ltr'><strong>lallique</strong></span> <span class='ocrx_word' id='word_1_360' title='bbox 1365 2596 1442 2645; x_wconf 88' lang='lat' dir='ltr'><strong>tuum</strong></span> <span class='ocrx_word' id='word_1_361' title='bbox 1454 2587 1501 2645; x_wconf 91' lang='lat' dir='ltr'><strong>tibi</strong></span> <span class='ocrx_word' id='word_1_362' title='bbox 1516 2603 1570 2645; x_wconf 89' lang='lat' dir='ltr'><strong>uon</strong></span> <span class='ocrx_word' id='word_1_363' title='bbox 1585 2588 1674 2661; x_wconf 85' lang='lat' dir='ltr'><strong>placet</strong></span> <span class='ocrx_word' id='word_1_364' title='bbox 1689 2588 1803 2647; x_wconf 85' lang='lat' dir='ltr'><strong>bostem.</strong></span> 
     </span>
     <span class='ocr_line' id='line_1_55' title="bbox 1013 2678 1722 2752; baseline -0.001 -16"><span class='ocrx_word' id='word_1_365' title='bbox 1013 2678 1090 2737; x_wconf 86' lang='lat' dir='ltr'><strong>Tunc</strong></span> <span class='ocrx_word' id='word_1_366' title='bbox 1103 2680 1169 2737; x_wconf 84' lang='lat' dir='ltr'><strong>uicit</strong></span> <span class='ocrx_word' id='word_1_367' title='bbox 1183 2679 1270 2747; x_wconf 87' lang='lat' dir='ltr'><strong>miles,</strong></span> <span class='ocrx_word' id='word_1_368' title='bbox 1286 2680 1351 2736; x_wconf 88' lang='lat' dir='ltr'><strong>dum</strong></span> <span class='ocrx_word' id='word_1_369' title='bbox 1363 2695 1394 2737; x_wconf 91' lang='lat' dir='ltr'><strong>se</strong></span> <span class='ocrx_word' id='word_1_370' title='bbox 1405 2687 1480 2752; x_wconf 89' lang='lat' dir='ltr'><strong>putat</strong></span> <span class='ocrx_word' id='word_1_371' title='bbox 1489 2693 1551 2741; x_wconf 89' lang='lat' dir='ltr'><strong>esse</strong></span> <span class='ocrx_word' id='word_1_372' title='bbox 1558 2680 1722 2750; x_wconf 81' lang='lat' dir='ltr'><strong>iurandum:</strong></span> 
     </span>
     <span class='ocr_line' id='line_1_56' title="bbox 1014 2770 1720 2843; baseline -0.003 -14"><span class='ocrx_word' id='word_1_373' title='bbox 1014 2772 1065 2829; x_wconf 87' lang='lat' dir='ltr'><strong>Hic</strong></span> <span class='ocrx_word' id='word_1_374' title='bbox 1076 2772 1152 2840; x_wconf 85' lang='lat' dir='ltr'><strong>aicit,</strong></span> <span class='ocrx_word' id='word_1_375' title='bbox 1166 2780 1308 2843; x_wconf 87' lang='lat' dir='ltr'><strong>postquam</strong></span> <span class='ocrx_word' id='word_1_376' title='bbox 1321 2786 1352 2829; x_wconf 91' lang='lat' dir='ltr'><strong>se</strong></span> <span class='ocrx_word' id='word_1_377' title='bbox 1365 2770 1499 2843; x_wconf 90' lang='lat' dir='ltr'><strong>comperit</strong></span> <span class='ocrx_word' id='word_1_378' title='bbox 1512 2786 1573 2829; x_wconf 90' lang='lat' dir='ltr'><strong>esse</strong></span> <span class='ocrx_word' id='word_1_379' title='bbox 1584 2772 1720 2833; x_wconf 86' lang='lat' dir='ltr'><strong>relictum.</strong></span> 
     </span>
     <span class='ocr_line' id='line_1_57' title="bbox 1015 2864 1771 2938; baseline -0.003 -14"><span class='ocrx_word' id='word_1_380' title='bbox 1015 2868 1074 2924; x_wconf 83' lang='lat' dir='ltr'><strong>Dux</strong></span> <span class='ocrx_word' id='word_1_381' title='bbox 1087 2865 1166 2938; x_wconf 72' lang='lat' dir='ltr'><strong>rugit,</strong></span> <span class='ocrx_word' id='word_1_382' title='bbox 1181 2864 1351 2936; x_wconf 86' lang='lat' dir='ltr'><strong>insequeris:</strong></span> <span class='ocrx_word' id='word_1_383' title='bbox 1367 2873 1481 2920; x_wconf 82' lang='lat' dir='ltr'><strong>renovat</strong></span> <span class='ocrx_word' id='word_1_384' title='bbox 1493 2866 1651 2931; x_wconf 83' lang='lat' dir='ltr'><strong>certamina,</strong></span> <span class='ocrx_word' id='word_1_385' title='bbox 1666 2864 1771 2932; x_wconf 75' lang='lat' dir='ltr'><strong>rincis3</strong></span> 
     </span>
     <span class='ocr_line' id='line_1_58' title="bbox 1014 2957 1694 3031; baseline -0.009 -12"><span class='ocrx_word' id='word_1_386' title='bbox 1014 2960 1165 3029; x_wconf 84' lang='lat' dir='ltr'><strong>Clauditur,</strong></span> <span class='ocrx_word' id='word_1_387' title='bbox 1180 2964 1334 3031; x_wconf 60' lang='lat' dir='ltr'><strong>expugnem</strong></span> <span class='ocrx_word' id='word_1_388' title='bbox 1348 2957 1474 3027; x_wconf 88' lang='lat' dir='ltr'><strong>elabitur,</strong></span> <span class='ocrx_word' id='word_1_389' title='bbox 1490 2957 1600 3025; x_wconf 89' lang='lat' dir='ltr'><strong>obruis;</strong></span> <span class='ocrx_word' id='word_1_390' title='bbox 1612 2965 1694 3029; x_wconf 86' lang='lat' dir='ltr'><strong>atque</strong></span> 
     </span>
     <span class='ocr_line' id='line_1_59' title="bbox 1014 3048 1641 3122; baseline -0.01 -12"><span class='ocrx_word' id='word_1_391' title='bbox 1014 3052 1171 3111; x_wconf 78' lang='lat' dir='ltr'><strong>Sarmaticae</strong></span> <span class='ocrx_word' id='word_1_392' title='bbox 1183 3050 1243 3122; x_wconf 89' lang='lat' dir='ltr'><strong>paci</strong></span> <span class='ocrx_word' id='word_1_393' title='bbox 1254 3048 1369 3120; x_wconf 91' lang='lat' dir='ltr'><strong>pretium</strong></span> <span class='ocrx_word' id='word_1_394' title='bbox 1383 3064 1432 3105; x_wconf 88' lang='lat' dir='ltr'><strong>sua</strong></span> <span class='ocrx_word' id='word_1_395' title='bbox 1445 3049 1541 3106; x_wconf 86' lang='lat' dir='ltr'><strong>lunera</strong></span> <span class='ocrx_word' id='word_1_396' title='bbox 1553 3049 1641 3121; x_wconf 88' lang='lat' dir='ltr'><strong>ponis.</strong></span> 
     </span>
     <span class='ocr_line' id='line_1_60' title="bbox 1015 3126 1701 3215; baseline -0.01 -12"><span class='ocrx_word' id='word_1_397' title='bbox 1015 3126 1140 3215; x_wconf 85' lang='lat' dir='ltr'><strong>Paretur,</strong></span> <span class='ocrx_word' id='word_1_398' title='bbox 1152 3143 1255 3214; x_wconf 78' lang='lat' dir='ltr'><strong>iussum</strong></span> <span class='ocrx_word' id='word_1_399' title='bbox 1268 3140 1350 3197; x_wconf 90' lang='lat' dir='ltr'><strong>subiit</strong></span> <span class='ocrx_word' id='word_1_400' title='bbox 1362 3141 1416 3212; x_wconf 80' lang='lat' dir='ltr'><strong>jam</strong></span> <span class='ocrx_word' id='word_1_401' title='bbox 1437 3139 1574 3210; x_wconf 74' lang='lat' dir='ltr'><strong>transluqa</strong></span> <span class='ocrx_word' id='word_1_402' title='bbox 1587 3140 1701 3209; x_wconf 83' lang='lat' dir='ltr'><strong>lethum,</strong></span> 
     </span>
    </p>
   </div>
   <div class='ocr_carea' id='block_1_21' title="bbox 172 3230 1649 3311">
    <p class='ocr_par' dir='ltr' id='par_1_29' title="bbox 172 3230 1649 3311">
     <span class='ocr_line' id='line_1_61' title="bbox 172 3230 1649 3311; baseline -0.005 -18"><span class='ocrx_word' id='word_1_403' title='bbox 172 3234 292 3293; x_wconf 80' lang='lat' dir='ltr'><strong>Membra</strong></span> <span class='ocrx_word' id='word_1_404' title='bbox 305 3235 386 3304; x_wconf 84' lang='lat' dir='ltr'><strong>uiris,</strong></span> <span class='ocrx_word' id='word_1_405' title='bbox 399 3238 436 3295; x_wconf 88' lang='lat' dir='ltr'><strong>ita</strong></span> <span class='ocrx_word' id='word_1_406' title='bbox 447 3252 556 3309; x_wconf 87' lang='lat' dir='ltr'><strong>semper</strong></span> <span class='ocrx_word' id='word_1_407' title='bbox 567 3253 636 3311; x_wconf 90' lang='lat' dir='ltr'><strong>equo</strong></span> <span class='ocrx_word' id='word_1_408' title='bbox 649 3254 698 3298; x_wconf 89' lang='lat' dir='ltr'><strong>eeu</strong></span> <span class='ocrx_word' id='word_1_409' title='bbox 709 3241 780 3299; x_wconf 87' lang='lat' dir='ltr'><strong>bxus</strong></span> <span class='ocrx_word' id='word_1_410' title='bbox 789 3243 911 3301; x_wconf 75' lang='lat' dir='ltr'><strong>adbaeret</strong></span> <span class='ocrx_word' id='word_1_411' title='bbox 976 3231 1001 3295; x_wconf 79' lang='lat' dir='ltr'><strong><em>G</em></strong></span> <span class='ocrx_word' id='word_1_412' title='bbox 1016 3237 1104 3309; x_wconf 77' lang='lat' dir='ltr'><strong>nque</strong></span> <span class='ocrx_word' id='word_1_413' title='bbox 1115 3234 1261 3308; x_wconf 83' lang='lat' dir='ltr'><strong>pereqrtnn</strong></span> <span class='ocrx_word' id='word_1_414' title='bbox 1274 3231 1371 3290; x_wconf 89' lang='lat' dir='ltr'><strong>cecidit</strong></span> <span class='ocrx_word' id='word_1_415' title='bbox 1384 3241 1429 3287; x_wconf 90' lang='lat' dir='ltr'><strong>tua</strong></span> <span class='ocrx_word' id='word_1_416' title='bbox 1438 3230 1547 3288; x_wconf 89' lang='lat' dir='ltr'><strong>uictima</strong></span> <span class='ocrx_word' id='word_1_417' title='bbox 1568 3230 1649 3287; x_wconf 86' lang='lat' dir='ltr'><strong>lerro.</strong></span> 
     </span>
    </p>
   </div>
   <div class='ocr_carea' id='block_1_22' title="bbox 142 3327 883 3498">
    <p class='ocr_par' dir='ltr' id='par_1_30' title="bbox 142 3327 883 3498">
     <span class='ocr_line' id='line_1_62' title="bbox 142 3327 883 3409; baseline 0.012 -25"><span class='ocrx_word' id='word_1_418' title='bbox 142 3358 153 3377; x_wconf 86' lang='lat'><strong>·</strong></span> <span class='ocrx_word' id='word_1_419' title='bbox 172 3327 283 3385; x_wconf 80' lang='lat' dir='ltr'><strong>Hector.</strong></span> <span class='ocrx_word' id='word_1_420' title='bbox 296 3339 309 3369; x_wconf 66' lang='grc' dir='ltr'>ι</span> <span class='ocrx_word' id='word_1_421' title='bbox 322 3328 500 3402; x_wconf 76' lang='lat' dir='ltr'><strong>cornipedum</strong></span> <span class='ocrx_word' id='word_1_422' title='bbox 514 3340 590 3404; x_wconf 78' lang='lat' dir='ltr'><strong>terqu</strong></span> <span class='ocrx_word' id='word_1_423' title='bbox 602 3347 670 3404; x_wconf 72' lang='lat' dir='ltr'><strong>gnus</strong></span> <span class='ocrx_word' id='word_1_424' title='bbox 680 3334 766 3392; x_wconf 90' lang='lat' dir='ltr'><strong>altera</strong></span> <span class='ocrx_word' id='word_1_425' title='bbox 785 3335 883 3409; x_wconf 85' lang='lat' dir='ltr'><strong>lentur,</strong></span> 
     </span>
     <span class='ocr_line' id='line_1_63' title="bbox 156 3420 844 3498; baseline 0.019 -25"><span class='ocrx_word' id='word_1_426' title='bbox 156 3420 237 3479; x_wconf 69' lang='lat' dir='ltr'><strong>,liare</strong></span> <span class='ocrx_word' id='word_1_427' title='bbox 248 3421 362 3491; x_wconf 68' lang='lat' dir='ltr'><strong>habitam</strong></span> <span class='ocrx_word' id='word_1_428' title='bbox 376 3430 475 3481; x_wconf 86' lang='lat' dir='ltr'><strong>teretes</strong></span> <span class='ocrx_word' id='word_1_429' title='bbox 488 3435 578 3494; x_wconf 86' lang='lat' dir='ltr'><strong>arcus,</strong></span> <span class='ocrx_word' id='word_1_430' title='bbox 593 3434 622 3482; x_wconf 86' lang='lat' dir='ltr'><strong>et</strong></span> <span class='ocrx_word' id='word_1_431' title='bbox 635 3425 738 3497; x_wconf 88' lang='lat' dir='ltr'><strong>apicula</strong></span> <span class='ocrx_word' id='word_1_432' title='bbox 751 3427 844 3498; x_wconf 88' lang='lat' dir='ltr'><strong>cordi;</strong></span> 
     </span>
    </p>
   </div>
   <div class='ocr_carea' id='block_1_23' title="bbox 170 3511 892 3592">
    <p class='ocr_par' dir='ltr' id='par_1_31' title="bbox 170 3511 892 3592">
     <span class='ocr_line' id='line_1_64' title="bbox 170 3511 892 3592; baseline 0.011 -20"><span class='ocrx_word' id='word_1_433' title='bbox 170 3511 317 3572; x_wconf 78' lang='lat' dir='ltr'><strong>Terribiles</strong></span> <span class='ocrx_word' id='word_1_434' title='bbox 333 3523 469 3588; x_wconf 74' lang='lat' dir='ltr'><strong>certeque</strong></span> <span class='ocrx_word' id='word_1_435' title='bbox 481 3530 589 3589; x_wconf 85' lang='lat' dir='ltr'><strong>manus,</strong></span> <span class='ocrx_word' id='word_1_436' title='bbox 602 3516 756 3592; x_wconf 84' lang='lat' dir='ltr'><strong>jaculisque</strong></span> <span class='ocrx_word' id='word_1_437' title='bbox 772 3521 892 3581; x_wconf 78' lang='lat' dir='ltr'><strong>tcmndu</strong></span> 
     </span>
    </p>
   </div>
   <div class='ocr_carea' id='block_1_24' title="bbox 1017 3321 1725 3588">
    <p class='ocr_par' dir='ltr' id='par_1_32' title="bbox 1017 3321 1725 3588">
     <span class='ocr_line' id='line_1_65' title="bbox 1018 3321 1725 3397; baseline -0.013 -8"><span class='ocrx_word' id='word_1_438' title='bbox 1018 3331 1089 3389; x_wconf 81' lang='lat' dir='ltr'><strong>Ecce</strong></span> <span class='ocrx_word' id='word_1_439' title='bbox 1104 3329 1213 3397; x_wconf 86' lang='lat' dir='ltr'><strong>iterum,</strong></span> <span class='ocrx_word' id='word_1_440' title='bbox 1224 3325 1248 3383; x_wconf 90' lang='lat' dir='ltr'><strong>si</strong></span> <span class='ocrx_word' id='word_1_441' title='bbox 1262 3325 1330 3382; x_wconf 85' lang='lat' dir='ltr'><strong>torte</strong></span> <span class='ocrx_word' id='word_1_442' title='bbox 1342 3324 1441 3396; x_wconf 88' lang='lat' dir='ltr'><strong>placet,</strong></span> <span class='ocrx_word' id='word_1_443' title='bbox 1457 3321 1571 3394; x_wconf 79' lang='lat' dir='ltr'><strong>corrbiqc</strong></span> <span class='ocrx_word' id='word_1_444' title='bbox 1581 3331 1725 3380; x_wconf 84' lang='lat' dir='ltr'><strong>uetustas·</strong></span> 
     </span>
     <span class='ocr_line' id='line_1_66' title="bbox 1018 3416 1673 3491; baseline -0.015 -8"><span class='ocrx_word' id='word_1_445' title='bbox 1018 3423 1149 3483; x_wconf 89' lang='lat' dir='ltr'><strong>Hannibal</strong></span> <span class='ocrx_word' id='word_1_446' title='bbox 1160 3423 1204 3480; x_wconf 89' lang='lat' dir='ltr'><strong>iiie</strong></span> <span class='ocrx_word' id='word_1_447' title='bbox 1217 3423 1293 3478; x_wconf 90' lang='lat' dir='ltr'><strong>lernx</strong></span> <span class='ocrx_word' id='word_1_448' title='bbox 1308 3420 1341 3476; x_wconf 92' lang='lat' dir='ltr'><strong>ad</strong></span> <span class='ocrx_word' id='word_1_449' title='bbox 1354 3431 1462 3491; x_wconf 89' lang='lat' dir='ltr'><strong>poenam</strong></span> <span class='ocrx_word' id='word_1_450' title='bbox 1474 3416 1545 3473; x_wconf 85' lang='lat' dir='ltr'><strong>torta</strong></span> <span class='ocrx_word' id='word_1_451' title='bbox 1559 3417 1673 3487; x_wconf 89' lang='lat' dir='ltr'><strong>petitus,</strong></span> 
     </span>
     <span class='ocr_line' id='line_1_67' title="bbox 1017 3510 1616 3588; baseline -0.02 -10"><span class='ocrx_word' id='word_1_452' title='bbox 1017 3520 1052 3578; x_wconf 83' lang='lat' dir='ltr'><strong>Et</strong></span> <span class='ocrx_word' id='word_1_453' title='bbox 1062 3518 1086 3582; x_wconf 87' lang='lat' dir='ltr'><strong>si</strong></span> <span class='ocrx_word' id='word_1_454' title='bbox 1097 3533 1152 3576; x_wconf 91' lang='lat' dir='ltr'><strong>nnn</strong></span> <span class='ocrx_word' id='word_1_455' title='bbox 1166 3514 1261 3574; x_wconf 87' lang='lat' dir='ltr'><strong>babuit</strong></span> <span class='ocrx_word' id='word_1_456' title='bbox 1274 3514 1318 3588; x_wconf 81' lang='lat' dir='ltr'><strong>jus</strong></span> <span class='ocrx_word' id='word_1_457' title='bbox 1327 3514 1402 3580; x_wconf 80' lang='lat' dir='ltr'><strong>ritu,</strong></span> <span class='ocrx_word' id='word_1_458' title='bbox 1421 3510 1476 3568; x_wconf 85' lang='lat' dir='ltr'><strong>tine</strong></span> <span class='ocrx_word' id='word_1_459' title='bbox 1488 3520 1616 3581; x_wconf 86' lang='lat' dir='ltr'><strong>supremo</strong></span> 
     </span>
    </p>
   </div>
   <div class='ocr_carea' id='block_1_25' title="bbox 172 3713 1814 3865">
    <p class='ocr_par' dir='ltr' id='par_1_33' title="bbox 172 3713 1814 3865">
     <span class='ocr_line' id='line_1_68' title="bbox 209 3713 1814 3799; baseline -0.005 -17"><span class='ocrx_word' id='word_1_460' title='bbox 209 3732 225 3765; x_wconf 63' lang='grc' dir='ltr'>ι</span> <span class='ocrx_word' id='word_1_461' title='bbox 242 3722 358 3782; x_wconf 90' lang='lat' dir='ltr'><strong>Hunnicl</strong></span> <span class='ocrx_word' id='word_1_462' title='bbox 381 3723 458 3791; x_wconf 91' lang='lat' dir='ltr'><strong>belli,</strong></span> <span class='ocrx_word' id='word_1_463' title='bbox 496 3722 548 3780; x_wconf 90' lang='lat' dir='ltr'><strong>uod</strong></span> <span class='ocrx_word' id='word_1_464' title='bbox 572 3718 717 3780; x_wconf 79' lang='lat' dir='ltr'><strong>numento</strong></span> <span class='ocrx_word' id='word_1_465' title='bbox 741 3723 811 3783; x_wconf 87' lang='lat' dir='ltr'><strong>duce</strong></span> <span class='ocrx_word' id='word_1_466' title='bbox 834 3723 965 3783; x_wconf 84' lang='lat' dir='ltr'><strong>adversus</strong></span> <span class='ocrx_word' id='word_1_467' title='bbox 1020 3723 1108 3783; x_wconf 88' lang='lat' dir='ltr'><strong>dicam</strong></span> <span class='ocrx_word' id='word_1_468' title='bbox 1122 3720 1228 3786; x_wconf 87' lang='lat' dir='ltr'><strong>urbem,</strong></span> <span class='ocrx_word' id='word_1_469' title='bbox 1244 3731 1323 3789; x_wconf 89' lang='lat' dir='ltr'><strong>quarn</strong></span> <span class='ocrx_word' id='word_1_470' title='bbox 1337 3731 1353 3771; x_wconf 94' lang='lat' dir='ltr'><strong>a</strong></span> <span class='ocrx_word' id='word_1_471' title='bbox 1367 3713 1814 3799; x_wconf 77' lang='lat' dir='ltr'><strong>barbarisoceupatamobsidione</strong></span> 
     </span>
     <span class='ocr_line' id='line_1_69' title="bbox 172 3739 1810 3865; baseline -0.006 -12"><span class='ocrx_word' id='word_1_472' title='bbox 172 3791 361 3853; x_wconf 85' lang='lat' dir='ltr'><strong>Hormidacem</strong></span> <span class='ocrx_word' id='word_1_473' title='bbox 375 3796 409 3851; x_wconf 93' lang='lat' dir='ltr'><strong>ad</strong></span> <span class='ocrx_word' id='word_1_474' title='bbox 424 3739 564 3853; x_wconf 55' lang='lat' dir='ltr'><strong>serdicam</strong></span> <span class='ocrx_word' id='word_1_475' title='bbox 582 3793 610 3849; x_wconf 92' lang='lat' dir='ltr'><strong>in</strong></span> <span class='ocrx_word' id='word_1_476' title='bbox 627 3793 705 3850; x_wconf 84' lang='lat' dir='ltr'><strong>Dacia</strong></span> <span class='ocrx_word' id='word_1_477' title='bbox 719 3803 826 3865; x_wconf 82' lang='lat' dir='ltr'><strong>qestunn</strong></span> <span class='ocrx_word' id='word_1_478' title='bbox 841 3805 892 3865; x_wconf 85' lang='lat' dir='ltr'><strong>est,</strong></span> <span class='ocrx_word' id='word_1_479' title='bbox 909 3811 966 3852; x_wconf 91' lang='lat' dir='ltr'><strong>me-</strong></span> <span class='ocrx_word' id='word_1_480' title='bbox 1019 3795 1104 3853; x_wconf 84' lang='lat' dir='ltr'><strong>einxit</strong></span> <span class='ocrx_word' id='word_1_481' title='bbox 1120 3790 1290 3848; x_wconf 80' lang='lat' dir='ltr'><strong>nntbcmius.</strong></span> <span class='ocrx_word' id='word_1_482' title='bbox 1311 3786 1451 3844; x_wconf 81' lang='lat' dir='ltr'><strong>Serdicam</strong></span> <span class='ocrx_word' id='word_1_483' title='bbox 1466 3785 1598 3843; x_wconf 80' lang='lat' dir='ltr'><strong>Eusebius</strong></span> <span class='ocrx_word' id='word_1_484' title='bbox 1618 3787 1646 3842; x_wconf 93' lang='lat' dir='ltr'><strong>in</strong></span> <span class='ocrx_word' id='word_1_485' title='bbox 1667 3785 1810 3854; x_wconf 86' lang='lat' dir='ltr'><strong>Clrrnnrco,</strong></span> 
     </span>
    </p>
   </div>
   <div class='ocr_carea' id='block_1_26' title="bbox 158 3866 965 4081">
    <p class='ocr_par' dir='ltr' id='par_1_34' title="bbox 158 3866 965 4081">
     <span class='ocr_line' id='line_1_70' title="bbox 158 3866 585 3994; baseline -0.014 -69"><span class='ocrx_word' id='word_1_486' title='bbox 158 3866 410 3994; x_wconf 55' lang='lat' dir='ltr'><strong>-suoriaomulsag</strong></span> <span class='ocrx_word' id='word_1_487' title='bbox 515 3939 520 3949; x_wconf 90' lang='lat'><strong>.</strong></span> <span class='ocrx_word' id='word_1_488' title='bbox 578 3935 585 3948; x_wconf 42' lang='lat'><strong>·</strong></span> 
     </span>
     <span class='ocr_line' id='line_1_71' title="bbox 172 3936 963 4011; baseline -0.005 -15"><span class='ocrx_word' id='word_1_489' title='bbox 172 3952 247 3996; x_wconf 80' lang='lat' dir='ltr'><strong>eurus</strong></span> <span class='ocrx_word' id='word_1_490' title='bbox 259 3954 306 4011; x_wconf 91' lang='lat' dir='ltr'><strong>qut</strong></span> <span class='ocrx_word' id='word_1_491' title='bbox 319 3952 380 3994; x_wconf 90' lang='lat' dir='ltr'><strong>curn</strong></span> <span class='ocrx_word' id='word_1_492' title='bbox 412 3937 604 4007; x_wconf 76' lang='lat' dir='ltr'><strong>aroluSrqourn</strong></span> <span class='ocrx_word' id='word_1_493' title='bbox 613 3936 711 3992; x_wconf 90' lang='lat' dir='ltr'><strong>bellum</strong></span> <span class='ocrx_word' id='word_1_494' title='bbox 723 3938 776 3993; x_wconf 88' lang='lat' dir='ltr'><strong>boc</strong></span> <span class='ocrx_word' id='word_1_495' title='bbox 788 3950 850 3995; x_wconf 90' lang='lat' dir='ltr'><strong>esse</strong></span> <span class='ocrx_word' id='word_1_496' title='bbox 859 3947 963 4009; x_wconf 88' lang='lat' dir='ltr'><strong>putant,</strong></span> 
     </span>
     <span class='ocr_line' id='line_1_72' title="bbox 174 4007 965 4081; baseline -0.006 -14"><span class='ocrx_word' id='word_1_497' title='bbox 174 4010 203 4067; x_wconf 93' lang='lat' dir='ltr'><strong>lu</strong></span> <span class='ocrx_word' id='word_1_498' title='bbox 231 4025 284 4081; x_wconf 92' lang='lat' dir='ltr'><strong>quo</strong></span> <span class='ocrx_word' id='word_1_499' title='bbox 310 4008 464 4079; x_wconf 79' lang='lat' dir='ltr'><strong>dmeqialus</strong></span> <span class='ocrx_word' id='word_1_500' title='bbox 491 4007 619 4078; x_wconf 70' lang='lat' dir='ltr'><strong>magister</strong></span> <span class='ocrx_word' id='word_1_501' title='bbox 650 4007 764 4064; x_wconf 90' lang='lat' dir='ltr'><strong>militum</strong></span> <span class='ocrx_word' id='word_1_502' title='bbox 794 4023 856 4064; x_wconf 88' lang='lat' dir='ltr'><strong>cunr</strong></span> <span class='ocrx_word' id='word_1_503' title='bbox 884 4009 965 4065; x_wconf 77' lang='lat' dir='ltr'><strong>attila</strong></span> 
     </span>
    </p>
   </div>
   <div class='ocr_carea' id='block_1_27' title="bbox 410 3856 1812 3930">
    <p class='ocr_par' dir='ltr' id='par_1_35' title="bbox 410 3856 1812 3930">
     <span class='ocr_line' id='line_1_73' title="bbox 410 3856 1812 3930; baseline -0.004 -9"><span class='ocrx_word' id='word_1_504' title='bbox 410 3867 444 3922; x_wconf 94' lang='lat' dir='ltr'><strong>ud</strong></span> <span class='ocrx_word' id='word_1_505' title='bbox 457 3866 524 3922; x_wconf 90' lang='lat' dir='ltr'><strong>alios</strong></span> <span class='ocrx_word' id='word_1_506' title='bbox 543 3872 667 3921; x_wconf 89' lang='lat' dir='ltr'><strong>auctores</strong></span> <span class='ocrx_word' id='word_1_507' title='bbox 685 3865 799 3922; x_wconf 90' lang='lat' dir='ltr'><strong>interiit.</strong></span> <span class='ocrx_word' id='word_1_508' title='bbox 825 3865 966 3923; x_wconf 82' lang='lat' dir='ltr'><strong>Faliuutur</strong></span> <span class='ocrx_word' id='word_1_509' title='bbox 1019 3863 1171 3930; x_wconf 88' lang='lat' dir='ltr'><strong>itineraria,</strong></span> <span class='ocrx_word' id='word_1_510' title='bbox 1191 3869 1247 3918; x_wconf 85' lang='lat' dir='ltr'><strong>ets</strong></span> <span class='ocrx_word' id='word_1_511' title='bbox 1267 3858 1329 3915; x_wconf 87' lang='lat' dir='ltr'><strong>nodi</strong></span> <span class='ocrx_word' id='word_1_512' title='bbox 1345 3856 1460 3912; x_wconf 84' lang='lat' dir='ltr'><strong>Nicaenae</strong></span> <span class='ocrx_word' id='word_1_513' title='bbox 1479 3857 1693 3927; x_wconf 88' lang='lat' dir='ltr'><strong>subscriptiones</strong></span> <span class='ocrx_word' id='word_1_514' title='bbox 1725 3857 1812 3915; x_wconf 82' lang='lat' dir='ltr'><strong>bacin</strong></span> 
     </span>
    </p>
   </div>
   <div class='ocr_carea' id='block_1_28' title="bbox 1019 3876 1813 4071">
    <p class='ocr_par' dir='ltr' id='par_1_36' title="bbox 1019 3876 1813 4071">
     <span class='ocr_line' id='line_1_74' title="bbox 1019 3876 1813 3993; baseline -0.013 0"><span class='ocrx_word' id='word_1_515' title='bbox 1019 3937 1114 3993; x_wconf 86' lang='lat' dir='ltr'><strong>urbem</strong></span> <span class='ocrx_word' id='word_1_516' title='bbox 1133 3948 1195 3989; x_wconf 90' lang='lat' dir='ltr'><strong>cum</strong></span> <span class='ocrx_word' id='word_1_517' title='bbox 1215 3876 1328 3987; x_wconf 55' lang='lat' dir='ltr'><strong>Sidonio</strong></span> <span class='ocrx_word' id='word_1_518' title='bbox 1350 3926 1476 3983; x_wconf 84' lang='lat' dir='ltr'><strong>iaciunt:</strong></span> <span class='ocrx_word' id='word_1_519' title='bbox 1493 3926 1621 3982; x_wconf 88' lang='lat' dir='ltr'><strong>Socrates</strong></span> <span class='ocrx_word' id='word_1_520' title='bbox 1642 3935 1669 3983; x_wconf 82' lang='lat' dir='ltr'><strong>et</strong></span> <span class='ocrx_word' id='word_1_521' title='bbox 1691 3900 1813 3983; x_wconf 78' lang='lat' dir='ltr'><strong>Hermian</strong></span> 
     </span>
     <span class='ocr_line' id='line_1_75' title="bbox 1020 3995 1813 4071; baseline -0.018 -6"><span class='ocrx_word' id='word_1_522' title='bbox 1020 4004 1176 4069; x_wconf 86' lang='lat' dir='ltr'><strong>Soxnmeni,</strong></span> <span class='ocrx_word' id='word_1_523' title='bbox 1191 4002 1236 4058; x_wconf 92' lang='lat' dir='ltr'><strong>ubi</strong></span> <span class='ocrx_word' id='word_1_524' title='bbox 1250 4000 1284 4057; x_wconf 89' lang='lat' dir='ltr'><strong>de</strong></span> <span class='ocrx_word' id='word_1_525' title='bbox 1295 3999 1398 4071; x_wconf 84' lang='lat' dir='ltr'><strong>synodo</strong></span> <span class='ocrx_word' id='word_1_526' title='bbox 1413 3996 1567 4054; x_wconf 89' lang='lat' dir='ltr'><strong>Serdicensi</strong></span> <span class='ocrx_word' id='word_1_527' title='bbox 1582 4005 1684 4067; x_wconf 75' lang='lat' dir='ltr'><strong>agunt,</strong></span> <span class='ocrx_word' id='word_1_528' title='bbox 1703 3995 1813 4067; x_wconf 82' lang='lat' dir='ltr'><strong>lllyrici.</strong></span> 
     </span>
    </p>
   </div>
   <div class='ocr_carea' id='block_1_29' title="bbox 173 4067 1816 4219">
    <p class='ocr_par' dir='ltr' id='par_1_37' title="bbox 173 4067 1816 4219">
     <span class='ocr_line' id='line_1_76' title="bbox 173 4067 1815 4154; baseline -0.011 -16"><span class='ocrx_word' id='word_1_529' title='bbox 173 4095 295 4153; x_wconf 79' lang='lat' dir='ltr'><strong>puquaus</strong></span> <span class='ocrx_word' id='word_1_530' title='bbox 306 4078 334 4136; x_wconf 92' lang='lat' dir='ltr'><strong>in</strong></span> <span class='ocrx_word' id='word_1_531' title='bbox 346 4079 427 4135; x_wconf 78' lang='lat' dir='ltr'><strong>baria</strong></span> <span class='ocrx_word' id='word_1_532' title='bbox 441 4078 558 4150; x_wconf 83' lang='lat' dir='ltr'><strong>Ripense</strong></span> <span class='ocrx_word' id='word_1_533' title='bbox 572 4077 678 4133; x_wconf 88' lang='lat' dir='ltr'><strong>occisus</strong></span> <span class='ocrx_word' id='word_1_534' title='bbox 693 4090 744 4145; x_wconf 91' lang='lat' dir='ltr'><strong>est,</strong></span> <span class='ocrx_word' id='word_1_535' title='bbox 755 4087 784 4134; x_wconf 92' lang='lat' dir='ltr'><strong>ut</strong></span> <span class='ocrx_word' id='word_1_536' title='bbox 794 4078 967 4136; x_wconf 77' lang='lat' dir='ltr'><strong>Marcellinus</strong></span> <span class='ocrx_word' id='word_1_537' title='bbox 1021 4077 1182 4135; x_wconf 73' lang='lat' dir='ltr'><strong>Ptolemaeus</strong></span> <span class='ocrx_word' id='word_1_538' title='bbox 1196 4072 1329 4154; x_wconf 74' lang='lat' dir='ltr'><strong>Thracian,</strong></span> <span class='ocrx_word' id='word_1_539' title='bbox 1349 4083 1402 4139; x_wconf 89' lang='lat' dir='ltr'><strong>quo</strong></span> <span class='ocrx_word' id='word_1_540' title='bbox 1415 4068 1496 4150; x_wconf 77' lang='lat' dir='ltr'><strong>etiam</strong></span> <span class='ocrx_word' id='word_1_541' title='bbox 1512 4076 1617 4149; x_wconf 76' lang='lat' dir='ltr'><strong>spectat</strong></span> <span class='ocrx_word' id='word_1_542' title='bbox 1636 4076 1664 4121; x_wconf 86' lang='lat' dir='ltr'><strong>et</strong></span> <span class='ocrx_word' id='word_1_543' title='bbox 1674 4077 1755 4137; x_wconf 41' lang='lat' dir='ltr'><strong>,vetus</strong></span> <span class='ocrx_word' id='word_1_544' title='bbox 1771 4067 1815 4150; x_wconf 81' lang='lat' dir='ltr'><strong>in·</strong></span> 
     </span>
     <span class='ocr_line' id='line_1_77' title="bbox 174 4135 1816 4219; baseline -0.011 -11"><span class='ocrx_word' id='word_1_545' title='bbox 174 4151 271 4208; x_wconf 84' lang='lat' dir='ltr'><strong>Comes</strong></span> <span class='ocrx_word' id='word_1_546' title='bbox 281 4160 309 4208; x_wconf 89' lang='lat' dir='ltr'><strong>et</strong></span> <span class='ocrx_word' id='word_1_547' title='bbox 321 4150 471 4206; x_wconf 82' lang='lat' dir='ltr'><strong>lornandes</strong></span> <span class='ocrx_word' id='word_1_548' title='bbox 484 4154 605 4206; x_wconf 87' lang='lat' dir='ltr'><strong>narrant.</strong></span> <span class='ocrx_word' id='word_1_549' title='bbox 618 4147 684 4215; x_wconf 82' lang='lat' dir='ltr'><strong>Quis</strong></span> <span class='ocrx_word' id='word_1_550' title='bbox 695 4163 749 4204; x_wconf 90' lang='lat' dir='ltr'><strong>non</strong></span> <span class='ocrx_word' id='word_1_551' title='bbox 762 4150 836 4205; x_wconf 86' lang='lat' dir='ltr'><strong>ridet</strong></span> <span class='ocrx_word' id='word_1_552' title='bbox 846 4148 881 4206; x_wconf 90' lang='lat' dir='ltr'><strong>de</strong></span> <span class='ocrx_word' id='word_1_553' title='bbox 894 4150 968 4206; x_wconf 90' lang='lat' dir='ltr'><strong>bellu</strong></span> <span class='ocrx_word' id='word_1_554' title='bbox 1020 4148 1143 4219; x_wconf 85' lang='lat' dir='ltr'><strong>scriptio,</strong></span> <span class='ocrx_word' id='word_1_555' title='bbox 1159 4146 1186 4202; x_wconf 90' lang='lat' dir='ltr'><strong>in</strong></span> <span class='ocrx_word' id='word_1_556' title='bbox 1204 4159 1255 4215; x_wconf 91' lang='lat' dir='ltr'><strong>qua</strong></span> <span class='ocrx_word' id='word_1_557' title='bbox 1278 4144 1409 4210; x_wconf 81' lang='lat' dir='ltr'><strong>broqenes</strong></span> <span class='ocrx_word' id='word_1_558' title='bbox 1424 4138 1501 4193; x_wconf 84' lang='lat' dir='ltr'><strong>miles</strong></span> <span class='ocrx_word' id='word_1_559' title='bbox 1516 4148 1619 4193; x_wconf 82' lang='lat' dir='ltr'><strong>aratione</strong></span> <span class='ocrx_word' id='word_1_560' title='bbox 1634 4135 1732 4204; x_wconf 77' lang='lat' dir='ltr'><strong>Yiron,</strong></span> <span class='ocrx_word' id='word_1_561' title='bbox 1752 4153 1816 4192; x_wconf 79' lang='lat' dir='ltr'><strong>nur·</strong></span> 
     </span>
    </p>
   </div>
   <div class='ocr_carea' id='block_1_30' title="bbox 174 4218 966 4364">
    <p class='ocr_par' dir='ltr' id='par_1_38' title="bbox 174 4218 966 4364">
     <span class='ocr_line' id='line_1_78' title="bbox 174 4218 964 4294; baseline -0.005 -15"><span class='ocrx_word' id='word_1_562' title='bbox 174 4222 221 4279; x_wconf 87' lang='lat' dir='ltr'><strong>bic</strong></span> <span class='ocrx_word' id='word_1_563' title='bbox 235 4223 277 4294; x_wconf 78' lang='lat' dir='ltr'><strong>aqi</strong></span> <span class='ocrx_word' id='word_1_564' title='bbox 295 4221 323 4278; x_wconf 92' lang='lat' dir='ltr'><strong>in</strong></span> <span class='ocrx_word' id='word_1_565' title='bbox 337 4237 392 4292; x_wconf 91' lang='lat' dir='ltr'><strong>quo</strong></span> <span class='ocrx_word' id='word_1_566' title='bbox 409 4220 463 4277; x_wconf 88' lang='lat' dir='ltr'><strong>dux</strong></span> <span class='ocrx_word' id='word_1_567' title='bbox 480 4220 599 4277; x_wconf 90' lang='lat' dir='ltr'><strong>bostium</strong></span> <span class='ocrx_word' id='word_1_568' title='bbox 620 4218 776 4286; x_wconf 79' lang='lat' dir='ltr'><strong>Hormidac,</strong></span> <span class='ocrx_word' id='word_1_569' title='bbox 791 4234 845 4276; x_wconf 91' lang='lat' dir='ltr'><strong>nou</strong></span> <span class='ocrx_word' id='word_1_570' title='bbox 865 4220 964 4287; x_wconf 76' lang='lat' dir='ltr'><strong>Attila;</strong></span> 
     </span>
     <span class='ocr_line' id='line_1_79' title="bbox 174 4290 966 4364; baseline -0.005 -13"><span class='ocrx_word' id='word_1_571' title='bbox 174 4293 303 4364; x_wconf 77' lang='lat' dir='ltr'><strong>magister</strong></span> <span class='ocrx_word' id='word_1_572' title='bbox 322 4293 439 4349; x_wconf 88' lang='lat' dir='ltr'><strong>rnilitum</strong></span> <span class='ocrx_word' id='word_1_573' title='bbox 454 4290 623 4358; x_wconf 78' lang='lat' dir='ltr'><strong>armenius,</strong></span> <span class='ocrx_word' id='word_1_574' title='bbox 639 4304 693 4345; x_wconf 94' lang='lat' dir='ltr'><strong>non</strong></span> <span class='ocrx_word' id='word_1_575' title='bbox 713 4290 890 4361; x_wconf 75' lang='lat' dir='ltr'><strong>arnegislusl</strong></span> <span class='ocrx_word' id='word_1_576' title='bbox 906 4290 966 4348; x_wconf 89' lang='lat' dir='ltr'><strong>bis·</strong></span> 
     </span>
    </p>
   </div>
   <div class='ocr_carea' id='block_1_31' title="bbox 1021 4207 1816 4357">
    <p class='ocr_par' dir='ltr' id='par_1_39' title="bbox 1021 4207 1816 4357">
     <span class='ocr_line' id='line_1_80' title="bbox 1022 4207 1815 4282; baseline -0.013 -7"><span class='ocrx_word' id='word_1_577' title='bbox 1022 4228 1074 4274; x_wconf 85' lang='lat' dir='ltr'><strong>tute</strong></span> <span class='ocrx_word' id='word_1_578' title='bbox 1094 4217 1212 4274; x_wconf 83' lang='lat' dir='ltr'><strong>Serdica.</strong></span> <span class='ocrx_word' id='word_1_579' title='bbox 1237 4213 1303 4282; x_wconf 77' lang='lat' dir='ltr'><strong>Qua</strong></span> <span class='ocrx_word' id='word_1_580' title='bbox 1323 4210 1432 4282; x_wconf 92' lang='lat' dir='ltr'><strong>quidem</strong></span> <span class='ocrx_word' id='word_1_581' title='bbox 1454 4223 1517 4264; x_wconf 83' lang='lat' dir='ltr'><strong>sera</strong></span> <span class='ocrx_word' id='word_1_582' title='bbox 1535 4220 1599 4264; x_wconf 90' lang='lat' dir='ltr'><strong>suut</strong></span> <span class='ocrx_word' id='word_1_583' title='bbox 1621 4208 1732 4274; x_wconf 88' lang='lat' dir='ltr'><strong>omnia,</strong></span> <span class='ocrx_word' id='word_1_584' title='bbox 1751 4207 1815 4278; x_wconf 84' lang='lat' dir='ltr'><strong>quia</strong></span> 
     </span>
     <span class='ocr_line' id='line_1_81' title="bbox 1021 4279 1816 4357; baseline -0.016 -11"><span class='ocrx_word' id='word_1_585' title='bbox 1021 4289 1101 4346; x_wconf 85' lang='lat' dir='ltr'><strong>bocia</strong></span> <span class='ocrx_word' id='word_1_586' title='bbox 1117 4287 1205 4357; x_wconf 77' lang='lat' dir='ltr'><strong>magni</strong></span> <span class='ocrx_word' id='word_1_587' title='bbox 1220 4284 1320 4354; x_wconf 79' lang='lat' dir='ltr'><strong>lllyrici</strong></span> <span class='ocrx_word' id='word_1_588' title='bbox 1335 4298 1396 4349; x_wconf 90' lang='lat' dir='ltr'><strong>pars</strong></span> <span class='ocrx_word' id='word_1_589' title='bbox 1411 4280 1470 4348; x_wconf 91' lang='lat' dir='ltr'><strong>luit,</strong></span> <span class='ocrx_word' id='word_1_590' title='bbox 1487 4289 1517 4334; x_wconf 93' lang='lat' dir='ltr'><strong>ut</strong></span> <span class='ocrx_word' id='word_1_591' title='bbox 1529 4279 1633 4336; x_wconf 90' lang='lat' dir='ltr'><strong>dicetur</strong></span> <span class='ocrx_word' id='word_1_592' title='bbox 1653 4279 1687 4334; x_wconf 91' lang='lat' dir='ltr'><strong>ad</strong></span> <span class='ocrx_word' id='word_1_593' title='bbox 1700 4292 1816 4351; x_wconf 72' lang='lat' dir='ltr'><strong>panequ-</strong></span> 
     </span>
    </p>
   </div>
   <div class='ocr_carea' id='block_1_32' title="bbox 176 4348 1816 4434">
    <p class='ocr_par' dir='ltr' id='par_1_40' title="bbox 176 4348 1816 4434">
     <span class='ocr_line' id='line_1_82' title="bbox 176 4348 1816 4434; baseline -0.01 -13"><span class='ocrx_word' id='word_1_594' title='bbox 176 4372 289 4434; x_wconf 82' lang='lat' dir='ltr'><strong>crepant</strong></span> <span class='ocrx_word' id='word_1_595' title='bbox 309 4364 391 4421; x_wconf 91' lang='lat' dir='ltr'><strong>etiam</strong></span> <span class='ocrx_word' id='word_1_596' title='bbox 409 4372 541 4431; x_wconf 76' lang='lat' dir='ltr'><strong>mmpora.</strong></span> <span class='ocrx_word' id='word_1_597' title='bbox 561 4359 629 4417; x_wconf 82' lang='lat' dir='ltr'><strong>Ham</strong></span> <span class='ocrx_word' id='word_1_598' title='bbox 642 4361 799 4433; x_wconf 68' lang='lat' dir='ltr'><strong>immistus</strong></span> <span class='ocrx_word' id='word_1_599' title='bbox 813 4361 968 4418; x_wconf 81' lang='lat' dir='ltr'><strong>Theodosio</strong></span> <span class='ocrx_word' id='word_1_600' title='bbox 1022 4363 1106 4420; x_wconf 92' lang='lat' dir='ltr'><strong>ricum</strong></span> <span class='ocrx_word' id='word_1_601' title='bbox 1127 4355 1292 4431; x_wconf 73' lang='lat' dir='ltr'><strong>Maioriani:</strong></span> <span class='ocrx_word' id='word_1_602' title='bbox 1318 4354 1390 4410; x_wconf 91' lang='lat' dir='ltr'><strong>unde</strong></span> <span class='ocrx_word' id='word_1_603' title='bbox 1416 4359 1445 4408; x_wconf 90' lang='lat' dir='ltr'><strong>et</strong></span> <span class='ocrx_word' id='word_1_604' title='bbox 1464 4350 1605 4407; x_wconf 87' lang='lat' dir='ltr'><strong>Serdicam</strong></span> <span class='ocrx_word' id='word_1_605' title='bbox 1629 4348 1816 4407; x_wconf 80' lang='lat' dir='ltr'><strong>Ttrcudoretus</strong></span> 
     </span>
    </p>
   </div>
   <div class='ocr_carea' id='block_1_33' title="bbox 176 4431 968 4505">
    <p class='ocr_par' dir='ltr' id='par_1_41' title="bbox 176 4431 968 4505">
     <span class='ocr_line' id='line_1_83' title="bbox 176 4431 968 4505; baseline -0.005 -13"><span class='ocrx_word' id='word_1_606' title='bbox 176 4435 285 4492; x_wconf 85' lang='lat' dir='ltr'><strong>rivemc</strong></span> <span class='ocrx_word' id='word_1_607' title='bbox 295 4434 438 4503; x_wconf 87' lang='lat' dir='ltr'><strong>occubuit,</strong></span> <span class='ocrx_word' id='word_1_608' title='bbox 453 4432 574 4505; x_wconf 87' lang='lat' dir='ltr'><strong>Callepio</strong></span> <span class='ocrx_word' id='word_1_609' title='bbox 593 4441 622 4488; x_wconf 90' lang='lat' dir='ltr'><strong>et</strong></span> <span class='ocrx_word' id='word_1_610' title='bbox 635 4431 776 4489; x_wconf 71' lang='lat' dir='ltr'><strong>Ardubure</strong></span> <span class='ocrx_word' id='word_1_611' title='bbox 792 4432 968 4500; x_wconf 90' lang='lat' dir='ltr'><strong>consulibus;</strong></span> 
     </span>
    </p>
   </div>
   <div class='ocr_carea' id='block_1_34' title="bbox 1021 4421 1817 4511">
    <p class='ocr_par' dir='ltr' id='par_1_42' title="bbox 1021 4421 1817 4511">
     <span class='ocr_line' id='line_1_84' title="bbox 1021 4421 1817 4511; baseline -0.019 -20"><span class='ocrx_word' id='word_1_612' title='bbox 1021 4432 1176 4511; x_wconf 70' lang='lat' dir='ltr'><strong>praeplacita</strong></span> <span class='ocrx_word' id='word_1_613' title='bbox 1196 4435 1277 4484; x_wconf 83' lang='lat' dir='ltr'><strong>uocat</strong></span> <span class='ocrx_word' id='word_1_614' title='bbox 1298 4423 1577 4498; x_wconf 70' lang='grc' dir='ltr'>Δακιαςινίλλυρωῖς.</span> <span class='ocrx_word' id='word_1_615' title='bbox 1601 4421 1689 4477; x_wconf 86' lang='lat' dir='ltr'><strong>liuciae</strong></span> <span class='ocrx_word' id='word_1_616' title='bbox 1710 4435 1817 4477; x_wconf 88' lang='lat' dir='ltr'><strong>rursum</strong></span> 
     </span>
    </p>
   </div>
   <div class='ocr_carea' id='block_1_35' title="bbox 176 4486 1818 4577">
    <p class='ocr_par' dir='ltr' id='par_1_43' title="bbox 176 4486 1818 4577">
     <span class='ocr_line' id='line_1_85' title="bbox 176 4486 1818 4577; baseline -0.011 -12"><span class='ocrx_word' id='word_1_617' title='bbox 176 4506 525 4575; x_wconf 76' lang='lat' dir='ltr'><strong>Anthemiusrcrubeouc,</strong></span> <span class='ocrx_word' id='word_1_618' title='bbox 541 4513 570 4560; x_wconf 90' lang='lat' dir='ltr'><strong>ut</strong></span> <span class='ocrx_word' id='word_1_619' title='bbox 584 4503 686 4560; x_wconf 89' lang='lat' dir='ltr'><strong>dictum</strong></span> <span class='ocrx_word' id='word_1_620' title='bbox 700 4514 753 4575; x_wconf 90' lang='lat' dir='ltr'><strong>cst,</strong></span> <span class='ocrx_word' id='word_1_621' title='bbox 770 4511 900 4577; x_wconf 73' lang='lat' dir='ltr'><strong>regnante</strong></span> <span class='ocrx_word' id='word_1_622' title='bbox 913 4504 972 4560; x_wconf 83' lang='lat' dir='ltr'><strong>baec</strong></span> <span class='ocrx_word' id='word_1_623' title='bbox 1021 4505 1149 4560; x_wconf 88' lang='lat' dir='ltr'><strong>attributo</strong></span> <span class='ocrx_word' id='word_1_624' title='bbox 1164 4500 1214 4556; x_wconf 89' lang='lat' dir='ltr'><strong>luit</strong></span> <span class='ocrx_word' id='word_1_625' title='bbox 1233 4512 1281 4555; x_wconf 89' lang='lat' dir='ltr'><strong>ura</strong></span> <span class='ocrx_word' id='word_1_626' title='bbox 1296 4495 1429 4560; x_wconf 80' lang='lat' dir='ltr'><strong>Tiaraciae,</strong></span> <span class='ocrx_word' id='word_1_627' title='bbox 1446 4508 1497 4564; x_wconf 87' lang='lat' dir='ltr'><strong>qun</strong></span> <span class='ocrx_word' id='word_1_628' title='bbox 1516 4492 1626 4550; x_wconf 87' lang='lat' dir='ltr'><strong>Serdica</strong></span> <span class='ocrx_word' id='word_1_629' title='bbox 1648 4486 1713 4548; x_wconf 88' lang='lat' dir='ltr'><strong>oiim</strong></span> <span class='ocrx_word' id='word_1_630' title='bbox 1731 4493 1818 4547; x_wconf 86' lang='lat' dir='ltr'><strong>conti·</strong></span> 
     </span>
    </p>
   </div>
   <div class='ocr_carea' id='block_1_36' title="bbox 177 4579 271 4651">
    <p class='ocr_par' dir='ltr' id='par_1_44' title="bbox 177 4579 271 4651">
     <span class='ocr_line' id='line_1_86' title="bbox 177 4579 271 4651; baseline -0.032 -16"><span class='ocrx_word' id='word_1_631' title='bbox 177 4579 271 4651; x_wconf 71' lang='lat' dir='ltr'><strong>gessit.</strong></span> 
     </span>
    </p>
   </div>
   <div class='ocr_carea' id='block_1_37' title="bbox 1021 4563 1844 4637">
    <p class='ocr_par' dir='ltr' id='par_1_45' title="bbox 1021 4563 1844 4637">
     <span class='ocr_line' id='line_1_87' title="bbox 1021 4563 1844 4637; baseline -0.016 -5"><span class='ocrx_word' id='word_1_632' title='bbox 1021 4580 1146 4631; x_wconf 89' lang='lat' dir='ltr'><strong>uebatur.</strong></span> <span class='ocrx_word' id='word_1_633' title='bbox 1179 4570 1282 4637; x_wconf 82' lang='lat' dir='ltr'><strong>Duplex</strong></span> <span class='ocrx_word' id='word_1_634' title='bbox 1299 4569 1370 4624; x_wconf 90' lang='lat' dir='ltr'><strong>euim</strong></span> <span class='ocrx_word' id='word_1_635' title='bbox 1389 4567 1437 4622; x_wconf 83' lang='lat' dir='ltr'><strong>luit</strong></span> <span class='ocrx_word' id='word_1_636' title='bbox 1464 4563 1542 4622; x_wconf 87' lang='lat' dir='ltr'><strong>bacin</strong></span> <span class='ocrx_word' id='word_1_637' title='bbox 1563 4563 1710 4635; x_wconf 86' lang='lat' dir='ltr'><strong>prouincia.</strong></span> <span class='ocrx_word' id='word_1_638' title='bbox 1731 4563 1816 4619; x_wconf 80' lang='lat' dir='ltr'><strong>Vetus</strong></span> <span class='ocrx_word' id='word_1_639' title='bbox 1838 4610 1844 4627; x_wconf 84' lang='lat'><strong>,</strong></span> 
     </span>
    </p>
   </div>
   <div class='ocr_carea' id='block_1_38' title="bbox 214 4635 1818 4720">
    <p class='ocr_par' dir='ltr' id='par_1_46' title="bbox 214 4635 1818 4720">
     <span class='ocr_line' id='line_1_88' title="bbox 214 4635 1818 4720; baseline -0.008 -18"><span class='ocrx_word' id='word_1_640' title='bbox 214 4646 230 4687; x_wconf 69' lang='grc'><strong>1</strong></span> <span class='ocrx_word' id='word_1_641' title='bbox 258 4647 442 4720; x_wconf 83' lang='lat' dir='ltr'><strong>Comparauda</strong></span> <span class='ocrx_word' id='word_1_642' title='bbox 472 4647 532 4705; x_wconf 74' lang='lat' dir='ltr'><strong>baec</strong></span> <span class='ocrx_word' id='word_1_643' title='bbox 561 4649 718 4706; x_wconf 81' lang='lat' dir='ltr'><strong>Hunnorum</strong></span> <span class='ocrx_word' id='word_1_644' title='bbox 744 4646 972 4720; x_wconf 84' lang='lat' dir='ltr'><strong>prosopoqrapbia</strong></span> <span class='ocrx_word' id='word_1_645' title='bbox 1022 4646 1141 4715; x_wconf 77' lang='lat' dir='ltr'><strong>Traiani,</strong></span> <span class='ocrx_word' id='word_1_646' title='bbox 1155 4653 1229 4700; x_wconf 89' lang='lat' dir='ltr'><strong>trans</strong></span> <span class='ocrx_word' id='word_1_647' title='bbox 1243 4640 1358 4704; x_wconf 83' lang='lat' dir='ltr'><strong>istrum;</strong></span> <span class='ocrx_word' id='word_1_648' title='bbox 1373 4635 1617 4703; x_wconf 81' lang='lat' dir='ltr'><strong>alterabureliani,</strong></span> <span class='ocrx_word' id='word_1_649' title='bbox 1634 4649 1713 4705; x_wconf 88' lang='lat' dir='ltr'><strong>quarn</strong></span> <span class='ocrx_word' id='word_1_650' title='bbox 1728 4637 1818 4702; x_wconf 88' lang='lat' dir='ltr'><strong>priora</strong></span> 
     </span>
    </p>
   </div>
   <div class='ocr_carea' id='block_1_39' title="bbox 178 4718 1014 4812">
    <p class='ocr_par' dir='ltr' id='par_1_47' title="bbox 178 4718 1014 4812">
     <span class='ocr_line' id='line_1_89' title="bbox 178 4718 1014 4812; baseline -0.005 -35"><span class='ocrx_word' id='word_1_651' title='bbox 178 4734 243 4777; x_wconf 88' lang='lat' dir='ltr'><strong>com</strong></span> <span class='ocrx_word' id='word_1_652' title='bbox 256 4719 289 4775; x_wconf 91' lang='lat' dir='ltr'><strong>iis</strong></span> <span class='ocrx_word' id='word_1_653' title='bbox 302 4734 359 4789; x_wconf 82' lang='lat' dir='ltr'><strong>quae</strong></span> <span class='ocrx_word' id='word_1_654' title='bbox 369 4719 404 4775; x_wconf 90' lang='lat' dir='ltr'><strong>de</strong></span> <span class='ocrx_word' id='word_1_655' title='bbox 417 4719 490 4775; x_wconf 88' lang='lat' dir='ltr'><strong>illins</strong></span> <span class='ocrx_word' id='word_1_656' title='bbox 504 4720 592 4790; x_wconf 72' lang='lat' dir='ltr'><strong>gentis</strong></span> <span class='ocrx_word' id='word_1_657' title='bbox 602 4719 718 4790; x_wconf 79' lang='lat' dir='ltr'><strong>origine,</strong></span> <span class='ocrx_word' id='word_1_658' title='bbox 730 4718 826 4784; x_wconf 83' lang='lat' dir='ltr'><strong>torma,</strong></span> <span class='ocrx_word' id='word_1_659' title='bbox 838 4718 972 4775; x_wconf 89' lang='lat' dir='ltr'><strong>muribus-</strong></span> <span class='ocrx_word' id='word_1_660' title='bbox 985 4750 1014 4812; x_wconf 69' lang='lat' dir='ltr'>D</span> 
     </span>
    </p>
   </div>
   <div class='ocr_carea' id='block_1_40' title="bbox 1028 4704 1819 4775">
    <p class='ocr_par' dir='ltr' id='par_1_48' title="bbox 1028 4704 1819 4775">
     <span class='ocr_line' id='line_1_90' title="bbox 1028 4704 1819 4775; baseline -0.015 -2"><span class='ocrx_word' id='word_1_661' title='bbox 1028 4717 1127 4773; x_wconf 91' lang='lat' dir='ltr'><strong>omissa</strong></span> <span class='ocrx_word' id='word_1_662' title='bbox 1150 4711 1283 4771; x_wconf 85' lang='lat' dir='ltr'><strong>reuocatis</strong></span> <span class='ocrx_word' id='word_1_663' title='bbox 1300 4709 1340 4765; x_wconf 90' lang='lat' dir='ltr'><strong>cis</strong></span> <span class='ocrx_word' id='word_1_664' title='bbox 1356 4711 1452 4764; x_wconf 88' lang='lat' dir='ltr'><strong>istrum</strong></span> <span class='ocrx_word' id='word_1_665' title='bbox 1471 4705 1612 4773; x_wconf 84' lang='lat' dir='ltr'><strong>militibus,</strong></span> <span class='ocrx_word' id='word_1_666' title='bbox 1632 4705 1659 4760; x_wconf 91' lang='lat' dir='ltr'><strong>in</strong></span> <span class='ocrx_word' id='word_1_667' title='bbox 1679 4704 1819 4775; x_wconf 87' lang='lat' dir='ltr'><strong>utriusque</strong></span> 
     </span>
    </p>
   </div>
   <div class='ocr_carea' id='block_1_41' title="bbox 177 4776 1821 4863">
    <p class='ocr_par' dir='ltr' id='par_1_49' title="bbox 177 4776 1821 4863">
     <span class='ocr_line' id='line_1_91' title="bbox 177 4776 1821 4863; baseline -0.013 -16"><span class='ocrx_word' id='word_1_668' title='bbox 177 4806 233 4863; x_wconf 92' lang='lat' dir='ltr'><strong>que</strong></span> <span class='ocrx_word' id='word_1_669' title='bbox 247 4790 370 4846; x_wconf 88' lang='lat' dir='ltr'><strong>scribunt</strong></span> <span class='ocrx_word' id='word_1_670' title='bbox 386 4790 557 4847; x_wconf 81' lang='lat' dir='ltr'><strong>Marcellinus</strong></span> <span class='ocrx_word' id='word_1_671' title='bbox 572 4790 620 4847; x_wconf 87' lang='lat' dir='ltr'><strong>lib.</strong></span> <span class='ocrx_word' id='word_1_672' title='bbox 637 4805 702 4856; x_wconf 86' lang='grc' dir='ltr'>ιιι,</span> <span class='ocrx_word' id='word_1_673' title='bbox 724 4789 849 4846; x_wconf 82' lang='lat' dir='ltr'><strong>Zosimus</strong></span> <span class='ocrx_word' id='word_1_674' title='bbox 869 4789 915 4845; x_wconf 88' lang='lat' dir='ltr'><strong>lib.</strong></span> <span class='ocrx_word' id='word_1_675' title='bbox 933 4803 971 4857; x_wconf 88' lang='lat' dir='ltr'><strong>tv,</strong></span> <span class='ocrx_word' id='word_1_676' title='bbox 1027 4789 1128 4845; x_wconf 81' lang='lat' dir='ltr'><strong>Moesiae</strong></span> <span class='ocrx_word' id='word_1_677' title='bbox 1142 4796 1169 4841; x_wconf 88' lang='lat' dir='ltr'><strong>ct</strong></span> <span class='ocrx_word' id='word_1_678' title='bbox 1183 4782 1306 4838; x_wconf 77' lang='lat' dir='ltr'><strong>ibraciuc</strong></span> <span class='ocrx_word' id='word_1_679' title='bbox 1317 4780 1414 4834; x_wconf 79' lang='lat' dir='ltr'><strong>duribus</strong></span> <span class='ocrx_word' id='word_1_680' title='bbox 1428 4776 1588 4833; x_wconf 81' lang='lat' dir='ltr'><strong>coristituit:</strong></span> <span class='ocrx_word' id='word_1_681' title='bbox 1605 4792 1666 4847; x_wconf 87' lang='lat' dir='ltr'><strong>quac</strong></span> <span class='ocrx_word' id='word_1_682' title='bbox 1676 4776 1730 4832; x_wconf 90' lang='lat' dir='ltr'><strong>sula</strong></span> <span class='ocrx_word' id='word_1_683' title='bbox 1743 4776 1821 4832; x_wconf 77' lang='lat' dir='ltr'><strong>dein-</strong></span> 
     </span>
    </p>
   </div>
   <div class='ocr_carea' id='block_1_42' title="bbox 177 4859 973 4919">
    <p class='ocr_par' dir='ltr' id='par_1_50' title="bbox 177 4859 973 4919">
     <span class='ocr_line' id='line_1_92' title="bbox 177 4859 973 4919; baseline -0.005 0"><span class='ocrx_word' id='word_1_684' title='bbox 177 4871 206 4919; x_wconf 92' lang='lat' dir='ltr'><strong>et</strong></span> <span class='ocrx_word' id='word_1_685' title='bbox 220 4862 340 4917; x_wconf 90' lang='lat' dir='ltr'><strong>omniurn</strong></span> <span class='ocrx_word' id='word_1_686' title='bbox 356 4861 558 4919; x_wconf 87' lang='lat' dir='ltr'><strong>accuratissime</strong></span> <span class='ocrx_word' id='word_1_687' title='bbox 575 4860 726 4917; x_wconf 88' lang='lat' dir='ltr'><strong>lornaudcs</strong></span> <span class='ocrx_word' id='word_1_688' title='bbox 743 4875 778 4915; x_wconf 86' lang='lat' dir='ltr'><strong>ex</strong></span> <span class='ocrx_word' id='word_1_689' title='bbox 793 4860 888 4917; x_wconf 90' lang='lat' dir='ltr'><strong>Prisco</strong></span> <span class='ocrx_word' id='word_1_690' title='bbox 910 4859 973 4915; x_wconf 88' lang='lat' dir='ltr'><strong>rbe-</strong></span> 
     </span>
    </p>
   </div>
   <div class='ocr_carea' id='block_1_43' title="bbox 1026 4846 1815 4930">
    <p class='ocr_par' dir='ltr' id='par_1_51' title="bbox 1026 4846 1815 4930">
     <span class='ocr_line' id='line_1_93' title="bbox 1026 4846 1815 4930; baseline -0.02 -14"><span class='ocrx_word' id='word_1_691' title='bbox 1026 4873 1091 4930; x_wconf 87' lang='lat' dir='ltr'><strong>oeps</strong></span> <span class='ocrx_word' id='word_1_692' title='bbox 1101 4854 1234 4928; x_wconf 90' lang='lat' dir='ltr'><strong>appellata</strong></span> <span class='ocrx_word' id='word_1_693' title='bbox 1245 4858 1288 4907; x_wconf 85' lang='lat' dir='ltr'><strong>est</strong></span> <span class='ocrx_word' id='word_1_694' title='bbox 1297 4850 1389 4906; x_wconf 89' lang='lat' dir='ltr'><strong>Dacia.</strong></span> <span class='ocrx_word' id='word_1_695' title='bbox 1403 4847 1457 4905; x_wconf 90' lang='lat' dir='ltr'><strong>Sed</strong></span> <span class='ocrx_word' id='word_1_696' title='bbox 1473 4847 1543 4903; x_wconf 92' lang='lat' dir='ltr'><strong>banc</strong></span> <span class='ocrx_word' id='word_1_697' title='bbox 1556 4862 1638 4917; x_wconf 92' lang='lat' dir='ltr'><strong>porro</strong></span> <span class='ocrx_word' id='word_1_698' title='bbox 1649 4848 1676 4902; x_wconf 91' lang='lat' dir='ltr'><strong>iu</strong></span> <span class='ocrx_word' id='word_1_699' title='bbox 1695 4847 1762 4903; x_wconf 89' lang='lat' dir='ltr'><strong>duas</strong></span> <span class='ocrx_word' id='word_1_700' title='bbox 1777 4846 1815 4901; x_wconf 87' lang='lat' dir='ltr'><strong>di·</strong></span> 
     </span>
    </p>
   </div>
   <div class='ocr_carea' id='block_1_44' title="bbox 178 4917 1817 5004">
    <p class='ocr_par' dir='ltr' id='par_1_52' title="bbox 178 4917 1817 5004">
     <span class='ocr_line' id='line_1_94' title="bbox 178 4917 1817 5004; baseline -0.01 -16"><span class='ocrx_word' id='word_1_701' title='bbox 178 4942 248 5004; x_wconf 89' lang='lat' dir='ltr'><strong>tore,</strong></span> <span class='ocrx_word' id='word_1_702' title='bbox 271 4931 417 4990; x_wconf 83' lang='lat' dir='ltr'><strong>Theodosii</strong></span> <span class='ocrx_word' id='word_1_703' title='bbox 438 4934 472 4990; x_wconf 91' lang='lat' dir='ltr'><strong>ad</strong></span> <span class='ocrx_word' id='word_1_704' title='bbox 494 4932 605 4988; x_wconf 76' lang='lat' dir='ltr'><strong>Attilam</strong></span> <span class='ocrx_word' id='word_1_705' title='bbox 626 4930 725 5003; x_wconf 68' lang='lat' dir='ltr'><strong>legato.</strong></span> <span class='ocrx_word' id='word_1_706' title='bbox 747 4929 878 5003; x_wconf 87' lang='lat' dir='ltr'><strong>Pleraque</strong></span> <span class='ocrx_word' id='word_1_707' title='bbox 901 4931 972 4988; x_wconf 88' lang='lat' dir='ltr'><strong>crint</strong></span> <span class='ocrx_word' id='word_1_708' title='bbox 1028 4930 1115 4985; x_wconf 85' lang='lat' dir='ltr'><strong>uisam</strong></span> <span class='ocrx_word' id='word_1_709' title='bbox 1131 4940 1164 4983; x_wconf 90' lang='lat' dir='ltr'><strong>ex</strong></span> <span class='ocrx_word' id='word_1_710' title='bbox 1178 4922 1284 4994; x_wconf 88' lang='lat' dir='ltr'><strong>imperii</strong></span> <span class='ocrx_word' id='word_1_711' title='bbox 1297 4921 1395 4995; x_wconf 82' lang='lat' dir='ltr'><strong>Notitia</strong></span> <span class='ocrx_word' id='word_1_712' title='bbox 1411 4919 1513 4989; x_wconf 83' lang='lat' dir='ltr'><strong>liquet:</strong></span> <span class='ocrx_word' id='word_1_713' title='bbox 1528 4917 1682 4988; x_wconf 84' lang='lat' dir='ltr'><strong>Ripensem,</strong></span> <span class='ocrx_word' id='word_1_714' title='bbox 1697 4932 1758 4989; x_wconf 81' lang='lat' dir='ltr'><strong>quae</strong></span> <span class='ocrx_word' id='word_1_715' title='bbox 1772 4933 1817 4987; x_wconf 87' lang='lat' dir='ltr'><strong>per</strong></span> 
     </span>
    </p>
   </div>
   <div class='ocr_carea' id='block_1_45' title="bbox 177 5002 634 5060">
    <p class='ocr_par' dir='ltr' id='par_1_53' title="bbox 177 5002 634 5060">
     <span class='ocr_line' id='line_1_95' title="bbox 177 5002 634 5060; baseline -0.007 0"><span class='ocrx_word' id='word_1_716' title='bbox 177 5013 242 5060; x_wconf 85' lang='lat' dir='ltr'><strong>aunt</strong></span> <span class='ocrx_word' id='word_1_717' title='bbox 255 5002 359 5060; x_wconf 89' lang='lat' dir='ltr'><strong>Sidonii</strong></span> <span class='ocrx_word' id='word_1_718' title='bbox 376 5003 467 5060; x_wconf 81' lang='lat' dir='ltr'><strong>uerbis</strong></span> <span class='ocrx_word' id='word_1_719' title='bbox 486 5002 634 5059; x_wconf 85' lang='lat' dir='ltr'><strong>simillima.</strong></span> 
     </span>
    </p>
   </div>
   <div class='ocr_carea' id='block_1_46' title="bbox 216 5070 975 5145">
    <p class='ocr_par' dir='ltr' id='par_1_54' title="bbox 216 5070 975 5145">
     <span class='ocr_line' id='line_1_96' title="bbox 216 5070 975 5145; baseline -0.001 -16"><span class='ocrx_word' id='word_1_720' title='bbox 216 5085 228 5115; x_wconf 62' lang='grc' dir='ltr'>ι</span> <span class='ocrx_word' id='word_1_721' title='bbox 245 5074 365 5130; x_wconf 86' lang='lat' dir='ltr'><strong>Pessime</strong></span> <span class='ocrx_word' id='word_1_722' title='bbox 376 5082 454 5130; x_wconf 89' lang='lat' dir='ltr'><strong>antea</strong></span> <span class='ocrx_word' id='word_1_723' title='bbox 469 5074 580 5145; x_wconf 74' lang='lat' dir='ltr'><strong>vulgati.</strong></span> <span class='ocrx_word' id='word_1_724' title='bbox 598 5070 651 5132; x_wconf 90' lang='lat' dir='ltr'><strong>Sed</strong></span> <span class='ocrx_word' id='word_1_725' title='bbox 665 5070 790 5143; x_wconf 83' lang='lat' dir='ltr'><strong>debnjus</strong></span> <span class='ocrx_word' id='word_1_726' title='bbox 809 5073 863 5130; x_wconf 91' lang='lat' dir='ltr'><strong>loci</strong></span> <span class='ocrx_word' id='word_1_727' title='bbox 881 5087 975 5130; x_wconf 85' lang='lat' dir='ltr'><strong>emcn-</strong></span> 
     </span>
    </p>
   </div>
   <div class='ocr_carea' id='block_1_47' title="bbox 178 5142 970 5218">
    <p class='ocr_par' dir='ltr' id='par_1_55' title="bbox 178 5142 970 5218">
     <span class='ocr_line' id='line_1_97' title="bbox 178 5142 970 5218; baseline -0.004 -15"><span class='ocrx_word' id='word_1_728' title='bbox 178 5145 288 5203; x_wconf 84' lang='lat' dir='ltr'><strong>datione</strong></span> <span class='ocrx_word' id='word_1_729' title='bbox 302 5144 356 5217; x_wconf 79' lang='lat' dir='ltr'><strong>jaan</strong></span> <span class='ocrx_word' id='word_1_730' title='bbox 370 5144 460 5201; x_wconf 91' lang='lat' dir='ltr'><strong>monui</strong></span> <span class='ocrx_word' id='word_1_731' title='bbox 475 5144 509 5201; x_wconf 92' lang='lat' dir='ltr'><strong>ad</strong></span> <span class='ocrx_word' id='word_1_732' title='bbox 522 5146 687 5218; x_wconf 75' lang='lat' dir='ltr'><strong>epigramma</strong></span> <span class='ocrx_word' id='word_1_733' title='bbox 701 5142 736 5200; x_wconf 83' lang='lat' dir='ltr'><strong>at</strong></span> <span class='ocrx_word' id='word_1_734' title='bbox 751 5142 875 5200; x_wconf 80' lang='lat' dir='ltr'><strong>Ennndii.</strong></span> <span class='ocrx_word' id='word_1_735' title='bbox 892 5145 970 5212; x_wconf 76' lang='lat' dir='ltr'><strong>Alia,</strong></span> 
     </span>
    </p>
   </div>
   <div class='ocr_carea' id='block_1_48' title="bbox 178 5213 974 5431">
    <p class='ocr_par' dir='ltr' id='par_1_56' title="bbox 178 5213 974 5431">
     <span class='ocr_line' id='line_1_98' title="bbox 180 5213 972 5287; baseline -0.004 -14"><span class='ocrx_word' id='word_1_736' title='bbox 180 5217 391 5287; x_wconf 67' lang='lat' dir='ltr'><strong>inquietantes</strong></span> <span class='ocrx_word' id='word_1_737' title='bbox 408 5216 484 5285; x_wconf 90' lang='lat' dir='ltr'><strong>equis</strong></span> <span class='ocrx_word' id='word_1_738' title='bbox 500 5216 614 5273; x_wconf 86' lang='lat' dir='ltr'><strong>subinde</strong></span> <span class='ocrx_word' id='word_1_739' title='bbox 628 5214 667 5271; x_wconf 92' lang='lat' dir='ltr'><strong>uli</strong></span> <span class='ocrx_word' id='word_1_740' title='bbox 689 5213 789 5283; x_wconf 89' lang='lat' dir='ltr'><strong>solent,</strong></span> <span class='ocrx_word' id='word_1_741' title='bbox 804 5215 862 5271; x_wconf 85' lang='lat' dir='ltr'><strong>baec</strong></span> <span class='ocrx_word' id='word_1_742' title='bbox 875 5214 902 5271; x_wconf 90' lang='lat' dir='ltr'><strong>ln</strong></span> <span class='ocrx_word' id='word_1_743' title='bbox 918 5214 972 5270; x_wconf 91' lang='lat' dir='ltr'><strong>illis</strong></span> 
     </span>
     <span class='ocr_line' id='line_1_99' title="bbox 178 5284 974 5360; baseline -0.003 -16"><span class='ocrx_word' id='word_1_744' title='bbox 178 5288 292 5344; x_wconf 88' lang='lat' dir='ltr'><strong>habitat.</strong></span> <span class='ocrx_word' id='word_1_745' title='bbox 308 5287 383 5344; x_wconf 77' lang='lat' dir='ltr'><strong>Atleo</strong></span> <span class='ocrx_word' id='word_1_746' title='bbox 395 5288 466 5343; x_wconf 86' lang='lat' dir='ltr'><strong>enim</strong></span> <span class='ocrx_word' id='word_1_747' title='bbox 483 5287 510 5343; x_wconf 90' lang='lat' dir='ltr'><strong>in</strong></span> <span class='ocrx_word' id='word_1_748' title='bbox 521 5289 599 5360; x_wconf 87' lang='lat' dir='ltr'><strong>equis</strong></span> <span class='ocrx_word' id='word_1_749' title='bbox 612 5285 712 5344; x_wconf 88' lang='lat' dir='ltr'><strong>assidui</strong></span> <span class='ocrx_word' id='word_1_750' title='bbox 734 5292 811 5342; x_wconf 89' lang='lat' dir='ltr'><strong>erant</strong></span> <span class='ocrx_word' id='word_1_751' title='bbox 825 5284 927 5352; x_wconf 87' lang='lat' dir='ltr'><strong>Hunni,</strong></span> <span class='ocrx_word' id='word_1_752' title='bbox 943 5293 974 5342; x_wconf 90' lang='lat' dir='ltr'><strong>ut</strong></span> 
     </span>
     <span class='ocr_line' id='line_1_100' title="bbox 178 5357 974 5431; baseline -0.001 -17"><span class='ocrx_word' id='word_1_753' title='bbox 178 5357 285 5431; x_wconf 89' lang='lat' dir='ltr'><strong>pedites</strong></span> <span class='ocrx_word' id='word_1_754' title='bbox 298 5372 435 5428; x_wconf 93' lang='lat' dir='ltr'><strong>nunquam</strong></span> <span class='ocrx_word' id='word_1_755' title='bbox 454 5367 639 5417; x_wconf 89' lang='lat' dir='ltr'><strong>cernerentur.</strong></span> <span class='ocrx_word' id='word_1_756' title='bbox 663 5357 787 5414; x_wconf 84' lang='lat' dir='ltr'><strong>Zosimus</strong></span> <span class='ocrx_word' id='word_1_757' title='bbox 804 5370 885 5428; x_wconf 90' lang='lat' dir='ltr'><strong>supra</strong></span> <span class='ocrx_word' id='word_1_758' title='bbox 898 5374 905 5411; x_wconf 79' lang='grc' dir='ltr'><strong>ι</strong></span> <span class='ocrx_word' id='word_1_759' title='bbox 917 5361 974 5413; x_wconf 71' lang='grc' dir='ltr'><strong>Ἐπὶ</strong></span> 
     </span>
    </p>
   </div>
   <div class='ocr_carea' id='block_1_49' title="bbox 177 5427 971 5503">
    <p class='ocr_par' dir='ltr' id='par_1_57' title="bbox 177 5427 971 5503">
     <span class='ocr_line' id='line_1_101' title="bbox 177 5427 971 5503; baseline -0.006 -15"><span class='ocrx_word' id='word_1_760' title='bbox 177 5438 230 5488; x_wconf 77' lang='grc' dir='ltr'><strong>τῶν</strong></span> <span class='ocrx_word' id='word_1_761' title='bbox 239 5431 326 5485; x_wconf 79' lang='grc' dir='ltr'>ἵππων</span> <span class='ocrx_word' id='word_1_762' title='bbox 336 5434 376 5485; x_wconf 80' lang='lat' dir='ltr'><strong>acl</strong></span> <span class='ocrx_word' id='word_1_763' title='bbox 386 5427 545 5503; x_wconf 75' lang='grc' dir='ltr'>διαιτώμενοι</span> <span class='ocrx_word' id='word_1_764' title='bbox 554 5427 774 5492; x_wconf 73' lang='grc' dir='ltr'>καὶκαθιύδοντις.</span> <span class='ocrx_word' id='word_1_765' title='bbox 785 5427 971 5485; x_wconf 79' lang='lat' dir='ltr'><strong>Marcellinus:</strong></span> 
     </span>
    </p>
   </div>
   <div class='ocr_carea' id='block_1_50' title="bbox 1028 4988 1872 5143">
    <p class='ocr_par' dir='ltr' id='par_1_58' title="bbox 1028 4988 1872 5143">
     <span class='ocr_line' id='line_1_102' title="bbox 1028 4988 1817 5072; baseline -0.02 -14"><span class='ocrx_word' id='word_1_766' title='bbox 1028 4998 1170 5072; x_wconf 73' lang='lat' dir='ltr'><strong>presidem</strong></span> <span class='ocrx_word' id='word_1_767' title='bbox 1186 4994 1343 5066; x_wconf 82' lang='lat' dir='ltr'><strong>mqebatur;</strong></span> <span class='ocrx_word' id='word_1_768' title='bbox 1357 5001 1387 5057; x_wconf 89' lang='lat' dir='ltr'><strong>et</strong></span> <span class='ocrx_word' id='word_1_769' title='bbox 1400 4991 1634 5054; x_wconf 91' lang='lat' dir='ltr'><strong>Mediterraneam,</strong></span> <span class='ocrx_word' id='word_1_770' title='bbox 1648 4989 1676 5046; x_wconf 90' lang='lat' dir='ltr'><strong>iu</strong></span> <span class='ocrx_word' id='word_1_771' title='bbox 1711 5002 1743 5072; x_wconf 76' lang='lat' dir='ltr'><strong>ua</strong></span> <span class='ocrx_word' id='word_1_772' title='bbox 1757 4988 1817 5045; x_wconf 90' lang='lat' dir='ltr'><strong>Ser-</strong></span> 
     </span>
     <span class='ocr_line' id='line_1_103' title="bbox 1029 5059 1872 5143; baseline -0.019 -14"><span class='ocrx_word' id='word_1_773' title='bbox 1029 5073 1166 5143; x_wconf 82' lang='lat' dir='ltr'><strong>dica,quac</strong></span> <span class='ocrx_word' id='word_1_774' title='bbox 1180 5081 1228 5139; x_wconf 90' lang='lat' dir='ltr'><strong>per</strong></span> <span class='ocrx_word' id='word_1_775' title='bbox 1242 5064 1423 5120; x_wconf 90' lang='lat' dir='ltr'><strong>consularem.</strong></span> <span class='ocrx_word' id='word_1_776' title='bbox 1436 5060 1563 5118; x_wconf 83' lang='lat' dir='ltr'><strong>Paulinus</strong></span> <span class='ocrx_word' id='word_1_777' title='bbox 1572 5060 1606 5118; x_wconf 87' lang='lat' dir='ltr'><strong>de</strong></span> <span class='ocrx_word' id='word_1_778' title='bbox 1615 5059 1691 5117; x_wconf 89' lang='lat' dir='ltr'><strong>obitu</strong></span> <span class='ocrx_word' id='word_1_779' title='bbox 1726 5067 1805 5117; x_wconf 79' lang='lat' dir='ltr'><strong>rectu</strong></span> <span class='ocrx_word' id='word_1_780' title='bbox 1814 5082 1821 5115; x_wconf 90' lang='lat'><strong>.·</strong></span> <span class='ocrx_word' id='word_1_781' title='bbox 1871 5071 1872 5075; x_wconf 48' lang='lat'>¹</span> 
     </span>
    </p>
   </div>
   <div class='ocr_carea' id='block_1_51' title="bbox 1119 5197 1606 5449">
    <p class='ocr_par' dir='ltr' id='par_1_59' title="bbox 1119 5197 1606 5395">
     <span class='ocr_line' id='line_1_104' title="bbox 1119 5197 1606 5259; baseline -0.016 -5"><span class='ocrx_word' id='word_1_782' title='bbox 1119 5203 1150 5254; x_wconf 83' lang='lat' dir='ltr'><strong>Et</strong></span> <span class='ocrx_word' id='word_1_783' title='bbox 1159 5200 1229 5253; x_wconf 82' lang='lat' dir='ltr'><strong>Getae</strong></span> <span class='ocrx_word' id='word_1_784' title='bbox 1241 5201 1350 5259; x_wconf 86' lang='lat' dir='ltr'><strong>currunt,</strong></span> <span class='ocrx_word' id='word_1_785' title='bbox 1363 5204 1389 5248; x_wconf 91' lang='lat' dir='ltr'><strong>et</strong></span> <span class='ocrx_word' id='word_1_786' title='bbox 1397 5200 1454 5247; x_wconf 90' lang='lat' dir='ltr'><strong>uter</strong></span> <span class='ocrx_word' id='word_1_787' title='bbox 1471 5207 1506 5247; x_wconf 88' lang='lat' dir='ltr'><strong>ne</strong></span> <span class='ocrx_word' id='word_1_788' title='bbox 1516 5197 1606 5258; x_wconf 85' lang='lat' dir='ltr'><strong>Dacus,</strong></span> 
     </span>
     <span class='ocr_line' id='line_1_105' title="bbox 1121 5209 1528 5323; baseline -0.002 -12"><span class='ocrx_word' id='word_1_789' title='bbox 1121 5262 1233 5323; x_wconf 81' lang='lat' dir='ltr'><strong>Quicolit</strong></span> <span class='ocrx_word' id='word_1_790' title='bbox 1243 5266 1319 5312; x_wconf 80' lang='lat' dir='ltr'><strong>tenus</strong></span> <span class='ocrx_word' id='word_1_791' title='bbox 1330 5259 1412 5311; x_wconf 90' lang='lat' dir='ltr'><strong>medio</strong></span> <span class='ocrx_word' id='word_1_792' title='bbox 1434 5209 1475 5309; x_wconf 56' lang='lat' dir='ltr'><strong>rel</strong></span> <span class='ocrx_word' id='word_1_793' title='bbox 1486 5255 1528 5310; x_wconf 85' lang='lat' dir='ltr'><strong>ille</strong></span> 
     </span>
     <span class='ocr_line' id='line_1_106' title="bbox 1119 5298 1504 5395; baseline -0.023 -16"><span class='ocrx_word' id='word_1_794' title='bbox 1119 5326 1207 5379; x_wconf 81' lang='lat' dir='ltr'><strong>Divitis</strong></span> <span class='ocrx_word' id='word_1_795' title='bbox 1217 5323 1294 5373; x_wconf 89' lang='lat' dir='ltr'><strong>multo</strong></span> <span class='ocrx_word' id='word_1_796' title='bbox 1304 5323 1368 5395; x_wconf 81' lang='lat' dir='ltr'><strong>imre</strong></span> <span class='ocrx_word' id='word_1_797' title='bbox 1382 5298 1504 5386; x_wconf 74' lang='lat' dir='ltr'><strong>palleatus</strong></span> 
     </span>
    </p>

    <p class='ocr_par' dir='ltr' id='par_1_60' title="bbox 1215 5382 1384 5449">
     <span class='ocr_line' id='line_1_107' title="bbox 1215 5382 1384 5449; baseline -0.018 -12"><span class='ocrx_word' id='word_1_798' title='bbox 1215 5382 1302 5437; x_wconf 76' lang='lat' dir='ltr'><strong>Aetola</strong></span> <span class='ocrx_word' id='word_1_799' title='bbox 1314 5396 1384 5449; x_wconf 83' lang='lat' dir='ltr'><strong>rtpae.</strong></span> 
     </span>
    </p>
   </div>
   <div class='ocr_carea' id='block_1_52' title="bbox 178 5483 1823 5646">
    <p class='ocr_par' dir='ltr' id='par_1_61' title="bbox 178 5483 1823 5646">
     <span class='ocr_line' id='line_1_108' title="bbox 179 5483 1822 5574; baseline -0.01 -18"><span class='ocrx_word' id='word_1_800' title='bbox 179 5498 263 5573; x_wconf 80' lang='lat' dir='ltr'><strong>Equis</strong></span> <span class='ocrx_word' id='word_1_801' title='bbox 274 5516 354 5571; x_wconf 83' lang='lat' dir='ltr'><strong>prope</strong></span> <span class='ocrx_word' id='word_1_802' title='bbox 367 5500 437 5571; x_wconf 75' lang='lat' dir='ltr'><strong>affini</strong></span> <span class='ocrx_word' id='word_1_803' title='bbox 448 5500 593 5572; x_wconf 75' lang='lat' dir='ltr'><strong>suaquartur</strong></span> <span class='ocrx_word' id='word_1_804' title='bbox 613 5499 764 5556; x_wconf 73' lang='lat' dir='ltr'><strong>mutuantur</strong></span> <span class='ocrx_word' id='word_1_805' title='bbox 779 5500 917 5555; x_wconf 81' lang='lat' dir='ltr'><strong>consuetis.</strong></span> <span class='ocrx_word' id='word_1_806' title='bbox 939 5497 974 5553; x_wconf 82' lang='lat' dir='ltr'><strong>ln</strong></span> <span class='ocrx_word' id='word_1_807' title='bbox 1067 5504 1080 5535; x_wconf 78' lang='lat'><strong>⁰</strong></span> <span class='ocrx_word' id='word_1_808' title='bbox 1100 5494 1139 5551; x_wconf 85' lang='lat' dir='ltr'><strong>be</strong></span> <span class='ocrx_word' id='word_1_809' title='bbox 1154 5491 1292 5574; x_wconf 77' lang='lat' dir='ltr'><strong>transfuga</strong></span> <span class='ocrx_word' id='word_1_810' title='bbox 1310 5489 1385 5574; x_wconf 81' lang='lat' dir='ltr'><strong>socio</strong></span> <span class='ocrx_word' id='word_1_811' title='bbox 1398 5487 1545 5573; x_wconf 74' lang='lat' dir='ltr'><strong>butbemii,</strong></span> <span class='ocrx_word' id='word_1_812' title='bbox 1561 5486 1607 5560; x_wconf 92' lang='lat' dir='ltr'><strong>qui</strong></span> <span class='ocrx_word' id='word_1_813' title='bbox 1620 5487 1654 5572; x_wconf 79' lang='lat' dir='ltr'><strong>ad</strong></span> <span class='ocrx_word' id='word_1_814' title='bbox 1669 5485 1780 5543; x_wconf 87' lang='lat' dir='ltr'><strong>Hunnos</strong></span> <span class='ocrx_word' id='word_1_815' title='bbox 1794 5483 1822 5540; x_wconf 91' lang='lat' dir='ltr'><strong>in</strong></span> 
     </span>
     <span class='ocr_line' id='line_1_109' title="bbox 178 5559 1823 5646; baseline -0.01 -19"><span class='ocrx_word' id='word_1_816' title='bbox 178 5572 243 5646; x_wconf 83' lang='lat' dir='ltr'><strong>ipris</strong></span> <span class='ocrx_word' id='word_1_817' title='bbox 264 5572 345 5643; x_wconf 81' lang='lat' dir='ltr'><strong>quiuis</strong></span> <span class='ocrx_word' id='word_1_818' title='bbox 366 5572 393 5625; x_wconf 89' lang='lat' dir='ltr'><strong>in</strong></span> <span class='ocrx_word' id='word_1_819' title='bbox 413 5570 461 5625; x_wconf 84' lang='lat' dir='ltr'><strong>buc</strong></span> <span class='ocrx_word' id='word_1_820' title='bbox 474 5574 577 5627; x_wconf 82' lang='lat' dir='ltr'><strong>natione</strong></span> <span class='ocrx_word' id='word_1_821' title='bbox 594 5587 693 5643; x_wconf 79' lang='lat' dir='ltr'><strong>pernox</strong></span> <span class='ocrx_word' id='word_1_822' title='bbox 710 5580 735 5627; x_wconf 83' lang='lat' dir='ltr'><strong>ct</strong></span> <span class='ocrx_word' id='word_1_823' title='bbox 755 5570 860 5640; x_wconf 76' lang='lat' dir='ltr'><strong>patius</strong></span> <span class='ocrx_word' id='word_1_824' title='bbox 878 5570 938 5625; x_wconf 86' lang='lat' dir='ltr'><strong>emit</strong></span> <span class='ocrx_word' id='word_1_825' title='bbox 951 5578 975 5624; x_wconf 84' lang='lat' dir='ltr'><strong>et</strong></span> <span class='ocrx_word' id='word_1_826' title='bbox 1027 5568 1087 5640; x_wconf 88' lang='lat' dir='ltr'><strong>ipsa</strong></span> <span class='ocrx_word' id='word_1_827' title='bbox 1098 5580 1185 5636; x_wconf 75' lang='lat' dir='ltr'><strong>pugna</strong></span> <span class='ocrx_word' id='word_1_828' title='bbox 1197 5562 1307 5629; x_wconf 81' lang='lat' dir='ltr'><strong>deiecit,</strong></span> <span class='ocrx_word' id='word_1_829' title='bbox 1323 5577 1351 5618; x_wconf 91' lang='grc' dir='ltr'><strong>ιιι</strong></span> <span class='ocrx_word' id='word_1_830' title='bbox 1373 5569 1444 5616; x_wconf 90' lang='lat' dir='ltr'><strong>tauta</strong></span> <span class='ocrx_word' id='word_1_831' title='bbox 1468 5559 1540 5617; x_wconf 85' lang='lat' dir='ltr'><strong>ribus</strong></span> <span class='ocrx_word' id='word_1_832' title='bbox 1561 5568 1646 5615; x_wconf 84' lang='lat' dir='ltr'><strong>aulatis</strong></span> <span class='ocrx_word' id='word_1_833' title='bbox 1661 5560 1823 5627; x_wconf 86' lang='lat' dir='ltr'><strong>scripturum</strong></span> 
     </span>
    </p>
   </div>
   <div class='ocr_carea' id='block_1_53' title="bbox 179 5641 975 5787">
    <p class='ocr_par' dir='ltr' id='par_1_62' title="bbox 179 5641 975 5787">
     <span class='ocr_line' id='line_1_110' title="bbox 179 5641 974 5714; baseline -0.005 -17"><span class='ocrx_word' id='word_1_834' title='bbox 179 5641 277 5712; x_wconf 80' lang='lat' dir='ltr'><strong>uendit,</strong></span> <span class='ocrx_word' id='word_1_835' title='bbox 289 5642 424 5714; x_wconf 80' lang='lat' dir='ltr'><strong>cibumque</strong></span> <span class='ocrx_word' id='word_1_836' title='bbox 437 5643 514 5698; x_wconf 88' lang='lat' dir='ltr'><strong>auurit</strong></span> <span class='ocrx_word' id='word_1_837' title='bbox 529 5649 552 5697; x_wconf 83' lang='lat' dir='ltr'><strong>et</strong></span> <span class='ocrx_word' id='word_1_838' title='bbox 566 5653 675 5712; x_wconf 83' lang='lat' dir='ltr'><strong>potum:</strong></span> <span class='ocrx_word' id='word_1_839' title='bbox 690 5652 713 5698; x_wconf 89' lang='lat' dir='ltr'><strong>ct</strong></span> <span class='ocrx_word' id='word_1_840' title='bbox 727 5641 867 5698; x_wconf 83' lang='lat' dir='ltr'><strong>inclinatur</strong></span> <span class='ocrx_word' id='word_1_841' title='bbox 884 5641 974 5696; x_wconf 84' lang='lat' dir='ltr'><strong>ceruici</strong></span> 
     </span>
     <span class='ocr_line' id='line_1_111' title="bbox 181 5713 975 5787; baseline -0.005 -19"><span class='ocrx_word' id='word_1_842' title='bbox 181 5722 298 5787; x_wconf 81' lang='lat' dir='ltr'><strong>unqurtoe</strong></span> <span class='ocrx_word' id='word_1_843' title='bbox 307 5714 413 5779; x_wconf 78' lang='lat' dir='ltr'><strong>iumenti</strong></span> <span class='ocrx_word' id='word_1_844' title='bbox 426 5715 453 5768; x_wconf 88' lang='lat' dir='ltr'><strong>in</strong></span> <span class='ocrx_word' id='word_1_845' title='bbox 465 5714 546 5768; x_wconf 88' lang='lat' dir='ltr'><strong>ultum</strong></span> <span class='ocrx_word' id='word_1_846' title='bbox 557 5729 675 5784; x_wconf 84' lang='lat' dir='ltr'><strong>soporem</strong></span> <span class='ocrx_word' id='word_1_847' title='bbox 686 5713 719 5769; x_wconf 85' lang='lat' dir='ltr'><strong>cd</strong></span> <span class='ocrx_word' id='word_1_848' title='bbox 737 5729 815 5786; x_wconf 84' lang='lat' dir='ltr'><strong>usquc</strong></span> <span class='ocrx_word' id='word_1_849' title='bbox 826 5713 975 5769; x_wconf 81' lang='lat' dir='ltr'><strong>uarietatem</strong></span> 
     </span>
    </p>
   </div>
   <div class='ocr_carea' id='block_1_54' title="bbox 181 5784 508 5856">
    <p class='ocr_par' dir='ltr' id='par_1_63' title="bbox 181 5784 508 5856">
     <span class='ocr_line' id='line_1_112' title="bbox 181 5784 508 5856; baseline 0.003 -18"><span class='ocrx_word' id='word_1_850' title='bbox 181 5784 327 5856; x_wconf 72' lang='lat' dir='ltr'><strong>effunditur</strong></span> <span class='ocrx_word' id='word_1_851' title='bbox 340 5785 508 5840; x_wconf 86' lang='lat' dir='ltr'><strong>aoumiorum.</strong></span> 
     </span>
    </p>
   </div>
   <div class='ocr_carea' id='block_1_55' title="bbox 217 5852 983 5933">
    <p class='ocr_par' dir='ltr' id='par_1_64' title="bbox 217 5852 983 5933">
     <span class='ocr_line' id='line_1_113' title="bbox 217 5852 983 5933; baseline -0.003 -18"><span class='ocrx_word' id='word_1_852' title='bbox 217 5852 309 5915; x_wconf 74' lang='lat' dir='ltr'><strong>dbelli</strong></span> <span class='ocrx_word' id='word_1_853' title='bbox 324 5869 416 5911; x_wconf 88' lang='lat' dir='ltr'><strong>aream</strong></span> <span class='ocrx_word' id='word_1_854' title='bbox 430 5856 458 5912; x_wconf 90' lang='lat' dir='ltr'><strong>in</strong></span> <span class='ocrx_word' id='word_1_855' title='bbox 469 5856 548 5913; x_wconf 89' lang='lat' dir='ltr'><strong>bacia</strong></span> <span class='ocrx_word' id='word_1_856' title='bbox 561 5855 646 5916; x_wconf 85' lang='lat' dir='ltr'><strong>tuisse</strong></span> <span class='ocrx_word' id='word_1_857' title='bbox 656 5856 776 5917; x_wconf 89' lang='lat' dir='ltr'><strong>ostendit</strong></span> <span class='ocrx_word' id='word_1_858' title='bbox 785 5854 907 5933; x_wconf 81' lang='lat' dir='ltr'><strong>mad</strong></span> <span class='ocrx_word' id='word_1_859' title='bbox 914 5854 983 5915; x_wconf 82' lang='lat' dir='ltr'><strong>Scr-</strong></span> 
     </span>
    </p>
   </div>
   <div class='ocr_carea' id='block_1_56' title="bbox 323 5947 597 6017">
    <p class='ocr_par' dir='ltr' id='par_1_65' title="bbox 323 5947 597 6017">
     <span class='ocr_line' id='line_1_114' title="bbox 323 5947 597 6017; baseline -0.022 0"><span class='ocrx_word' id='word_1_860' title='bbox 323 5948 463 6017; x_wconf 77' lang='lat' dir='ltr'><strong>Paxaea.</strong></span> <span class='ocrx_word' id='word_1_861' title='bbox 481 5947 597 6017; x_wconf 77' lang='lat' dir='ltr'><strong>Lvttl.</strong></span> 
     </span>
    </p>
   </div>
   <div class='ocr_carea' id='block_1_57' title="bbox 1029 5625 1825 5927">
    <p class='ocr_par' dir='ltr' id='par_1_66' title="bbox 1029 5625 1825 5927">
     <span class='ocr_line' id='line_1_115' title="bbox 1049 5625 1823 5697; baseline -0.013 -4"><span class='ocrx_word' id='word_1_862' title='bbox 1049 5638 1165 5693; x_wconf 87' lang='lat' dir='ltr'><strong>aucitate</strong></span> <span class='ocrx_word' id='word_1_863' title='bbox 1180 5635 1246 5691; x_wconf 90' lang='lat' dir='ltr'><strong>nibil</strong></span> <span class='ocrx_word' id='word_1_864' title='bbox 1261 5634 1400 5689; x_wconf 85' lang='lat' dir='ltr'><strong>babemus.</strong></span> <span class='ocrx_word' id='word_1_865' title='bbox 1414 5631 1454 5691; x_wconf 78' lang='lat' dir='ltr'><strong>Ex</strong></span> <span class='ocrx_word' id='word_1_866' title='bbox 1469 5630 1579 5688; x_wconf 88' lang='lat' dir='ltr'><strong>Sidonio</strong></span> <span class='ocrx_word' id='word_1_867' title='bbox 1589 5635 1695 5684; x_wconf 88' lang='lat' dir='ltr'><strong>constat</strong></span> <span class='ocrx_word' id='word_1_868' title='bbox 1708 5625 1742 5682; x_wconf 92' lang='lat' dir='ltr'><strong>ab</strong></span> <span class='ocrx_word' id='word_1_869' title='bbox 1758 5627 1823 5697; x_wconf 84' lang='lat' dir='ltr'><strong>ipsit</strong></span> 
     </span>
     <span class='ocr_line' id='line_1_116' title="bbox 1029 5655 1824 5781; baseline -0.016 -15"><span class='ocrx_word' id='word_1_870' title='bbox 1029 5655 1151 5767; x_wconf 48' lang='lat' dir='ltr'><strong>barbaris</strong></span> <span class='ocrx_word' id='word_1_871' title='bbox 1167 5722 1199 5763; x_wconf 91' lang='lat' dir='ltr'><strong>ex</strong></span> <span class='ocrx_word' id='word_1_872' title='bbox 1217 5704 1290 5772; x_wconf 88' lang='lat' dir='ltr'><strong>pacis</strong></span> <span class='ocrx_word' id='word_1_873' title='bbox 1308 5703 1409 5762; x_wconf 80' lang='lat' dir='ltr'><strong>terere</strong></span> <span class='ocrx_word' id='word_1_874' title='bbox 1428 5716 1527 5759; x_wconf 87' lang='lat' dir='ltr'><strong>caesum</strong></span> <span class='ocrx_word' id='word_1_875' title='bbox 1546 5699 1639 5754; x_wconf 82' lang='lat' dir='ltr'><strong>luisse.</strong></span> <span class='ocrx_word' id='word_1_876' title='bbox 1667 5696 1730 5781; x_wconf 82' lang='lat' dir='ltr'><strong>idco</strong></span> <span class='ocrx_word' id='word_1_877' title='bbox 1751 5699 1824 5756; x_wconf 86' lang='lat' dir='ltr'><strong>eninr</strong></span> 
     </span>
     <span class='ocr_line' id='line_1_117' title="bbox 1032 5766 1824 5850; baseline -0.01 -14"><span class='ocrx_word' id='word_1_878' title='bbox 1032 5794 1095 5836; x_wconf 92' lang='lat' dir='ltr'><strong>cum</strong></span> <span class='ocrx_word' id='word_1_879' title='bbox 1107 5777 1257 5835; x_wconf 86' lang='lat' dir='ltr'><strong>Hannibale</strong></span> <span class='ocrx_word' id='word_1_880' title='bbox 1271 5774 1389 5844; x_wconf 80' lang='lat' dir='ltr'><strong>confert,</strong></span> <span class='ocrx_word' id='word_1_881' title='bbox 1407 5775 1452 5842; x_wconf 94' lang='lat' dir='ltr'><strong>qui</strong></span> <span class='ocrx_word' id='word_1_882' title='bbox 1466 5771 1594 5850; x_wconf 82' lang='lat' dir='ltr'><strong>Humanis</strong></span> <span class='ocrx_word' id='word_1_883' title='bbox 1614 5784 1628 5824; x_wconf 93' lang='lat' dir='ltr'><strong>a</strong></span> <span class='ocrx_word' id='word_1_884' title='bbox 1646 5766 1742 5825; x_wconf 81' lang='lat' dir='ltr'><strong>Prusia</strong></span> <span class='ocrx_word' id='word_1_885' title='bbox 1762 5785 1824 5841; x_wconf 79' lang='lat' dir='ltr'><strong>rcqo</strong></span> 
     </span>
     <span class='ocr_line' id='line_1_118' title="bbox 1032 5841 1825 5927; baseline -0.015 -12"><span class='ocrx_word' id='word_1_886' title='bbox 1032 5850 1172 5915; x_wconf 82' lang='lat' dir='ltr'><strong>dedendus</strong></span> <span class='ocrx_word' id='word_1_887' title='bbox 1186 5856 1256 5921; x_wconf 86' lang='lat' dir='ltr'><strong>erat,</strong></span> <span class='ocrx_word' id='word_1_888' title='bbox 1267 5846 1321 5906; x_wconf 90' lang='lat' dir='ltr'><strong>nisi</strong></span> <span class='ocrx_word' id='word_1_889' title='bbox 1334 5858 1439 5905; x_wconf 87' lang='lat' dir='ltr'><strong>terrena</strong></span> <span class='ocrx_word' id='word_1_890' title='bbox 1452 5841 1612 5927; x_wconf 83' lang='lat' dir='ltr'><strong>supplicium</strong></span> <span class='ocrx_word' id='word_1_891' title='bbox 1624 5841 1825 5903; x_wconf 73' lang='lat' dir='ltr'><strong>urrtercrtissct.</strong></span> 
     </span>
    </p>
   </div>
   <div class='ocr_carea' id='block_1_58' title="bbox 1665 5932 1710 6011">
    <p class='ocr_par' dir='ltr' id='par_1_67' title="bbox 1665 5932 1710 6011">
     <span class='ocr_line' id='line_1_119' title="bbox 1665 5932 1710 6011; baseline 0 0"><span class='ocrx_word' id='word_1_892' title='bbox 1665 5932 1710 6011; x_wconf 74' lang='lat' dir='ltr'><strong>¹l</strong></span> 
     </span>
    </p>
   </div>
   <div class='ocr_carea' id='block_1_59' title="bbox 0 0 2073 6340">
    <p class='ocr_par' dir='ltr' id='par_1_68' title="bbox 0 0 2073 6340">
     <span class='ocr_line' id='line_1_120' title="bbox 0 0 2073 6340; baseline 0 0"><span class='ocrx_word' id='word_1_893' title='bbox 0 0 2073 6340; x_wconf 95' lang='lat' dir='ltr'><strong> </strong></span> 
     </span>
    </p>
   </div>
  </div>
 </body>
</html>
