4090 6348
244 351 296 410 ste

669 347 840 406 terunciu
859 347 905 404 nt)
925 345 1098 405 ttctbttett
1118 343 1295 404 titunstttt

1643 273 1692 313 τ
1716 250 1755 266 *a*
1767 255 1844 277 01¹0..-

265 454 390 535 racipere,
405 479 466 522 eum
481 473 602 520 senatum
622 462 747 532 uirosque
760 462 865 518 nobiles
880 461 907 517 iu
922 476 971 516 sua
985 461 1034 516 ln·
1047 463 1073 523 Λ
1086 462 1158 517 enim
1174 462 1282 518 timeret
1296 457 1458 517 Geoserrcus
1472 472 1517 524 oc,
1530 456 1553 515 si
1565 456 1604 515 illi
1616 457 1659 516 rei
1672 456 1807 515 modicum
1821 461 1886 530 maid

243 478 320 592 ieret
335 545 475 606 potestate.
491 535 547 590 iore
559 541 591 592 ut
606 533 670 589 nulii
681 534 807 603 deinceps
818 533 868 589 sibi
881 533 1030 589 resistendo

243 622 322 678 pares
335 617 435 661 esseut.
452 607 487 660 dt
500 613 571 659 tanto
586 620 646 660 ciem
660 604 762 660 saeuitia
780 607 805 660 io
817 604 894 659 istius
909 603 1033 659 miserri-

244 694 296 732 mae
311 677 382 732 tarbis
396 678 471 731 eires
485 676 595 741 exarsit,
613 685 642 730 ot
652 676 704 731 nisi
717 690 812 729 uineas
826 676 882 731 iere
894 675 969 730 istius
982 676 1032 730 aeri

242 756 368 803 auctores
380 757 460 801 testes
474 761 569 801 eorum
584 761 644 817 quar
656 746 706 801 irac
717 748 857 801 occasione
871 743 1033 801 Gerrsericus

244 818 358 889 patrarit
372 816 543 878 haberemus.
558 831 664 873 ominem
683 830 793 942 fleamus
806 816 885 870 iidem
900 817 1032 871 excedere

242 889 407 943 videremur.
425 885 491 942 Rem
510 887 622 942 aliorum
636 902 684 942 rer
704 889 726 943 is
749 901 884 958 exponere
895 885 982 954 juvat,
998 901 1031 942 nc

242 959 303 1028 otiis
317 959 383 1011 terete
396 972 438 1012 me
450 958 632 1014 celeberrimae
645 959 761 1013 civitatis
773 957 940 1012 calamitates
952 972 1033 1028 exap-

260 1042 350 1084 erasse
363 1029 509 1083 esistimet.
523 1028 568 1083 Sic
583 1031 672 1098 itaque
683 1028 716 1083 dc
731 1028 781 1083 ime
797 1026 901 1082 excidio
914 1027 1032 1096 tenentur

241 1045 359 1166 irasmi
371 1099 398 1153 io
411 1099 560 1154 Cirrooico:
574 1097 716 1153 Titeodosio
730 1114 785 1154 xvir
797 1109 821 1154 et
837 1095 913 1152 i'esto
922 1099 1033 1152 cononti-

242 1179 296 1231 tas,
312 1170 338 1223 id
356 1176 397 1223 cst
413 1184 474 1223 arar
489 1171 605 1239 uulgaris
628 1184 699 1224 atino
713 1170 776 1235 lta,
793 1167 867 1223 AEtio
891 1169 963 1222 rebus
976 1184 1033 1237 queo

240 1240 269 1309 in
281 1239 373 1294 Gaiiiis
383 1241 599 1308 componebantur
609 1241 715 1301 intento,
736 1238 898 1307 Gereserieus,
915 1240 946 1292 de
957 1241 1033 1293 en'ns

242 1311 353 1364 curicitin
381 1310 444 1364 nibil
470 1311 639 1377 metuebatur,
667 1326 711 1365 ιιι
736 1309 856 1365 colendos
880 1260 1033 1364 boiemiae

243 1380 424 1463 Cortbopinem
447 1380 507 1435 doio
523 1383 594 1449 pacis
616 1381 724 1449 irerodit,
739 1396 874 1451 omnesque
887 1383 1031 1451 apertius,

242 1453 394 1507 aerumans
405 1452 505 1506 diuerso
521 1461 703 1506 tormentorum
716 1466 807 1522 periere
825 1451 930 1511 ritibus,
943 1451 969 1503 in
988 1454 1033 1524 jue

240 1538 316 1577 sautu
327 1523 401 1576 ararit
409 1540 419 1589 ,·
428 1538 474 1577 nra
485 1522 517 1575 ab
527 1524 692 1578 ecclesiarum
703 1522 1030 1594 elespoliatioueobstioena,

241 1609 307 1663 quos
320 1603 344 1646 et
357 1595 436 1648 sacris
452 1594 520 1648 uasis
540 1594 682 1649 minoritas
703 1604 726 1647 ιι
744 1592 903 1646 sacerdotum
924 1593 1034 1646 adnnni·

241 1664 365 1718 stratieue
378 1665 500 1729 priuatos,
516 1680 567 1718 non
578 1667 636 1737 jane
649 1664 727 1718 diuini
739 1663 822 1717 celitus
834 1664 901 1727 tear,
919 1663 964 1716 esd
977 1678 1034 1716 sno·

241 1750 299 1788 rum
313 1736 394 1807 215
401 1736 478 1804 iussit
493 1750 546 1789 esse
560 1736 720 1801 habitaculo,
738 1736 765 1788 in
782 1735 927 1787 urrioersum
940 1732 1033 1799 captiui

242 1805 333 1876 popuii
347 1807 462 1860 ordinem
484 1821 576 1873 sarus,
597 1807 641 1860 sed
652 1807 778 1878 praecipue
795 1804 924 1859 restituad
935 1812 958 1859 et
970 1804 1031 1858 reii-

241 1878 312 1947 pioni
325 1878 451 1947 intensus,
467 1884 495 1930 ut
509 1893 561 1931 uon
576 1878 762 1932 discerneretur
779 1875 923 1930 icamiaibns
946 1876 1028 1946 irrepis

241 1961 276 2000 on
289 1946 344 2001 lico
369 1946 462 2001 beilum
490 1946 627 2002 interiisset.
653 1946 730 2001 nese
748 1956 832 2001 autem
860 1946 1029 2014 captivitatem

241 2015 371 2090 Cartbapo
385 2018 462 2071 serbiit
477 2034 544 2073 anno
566 2029 699 2089 ριιιιιιιιιιι
723 2018 840 2071 Rectene
852 2034 907 2071 esse
922 2024 1031 2086 eoeperat

1084 547 1119 589 er
1133 533 1243 600 pristina
1257 531 1417 587 arroteritate
1433 529 1600 599 retinerent,
1614 528 1758 599 anquando
1773 530 1824 585 silei
1845 534 1886 587 iu·

1084 602 1216 659 ierrsiores
1228 610 1319 658 essem
1331 600 1423 665 laturi,
1439 600 1580 671 universos
1593 601 1639 670 qui
1650 598 1739 672 aliqua
1755 600 1886 672 digeritur

1085 668 1233 744 poliebant,
1244 672 1286 727 rei
1297 671 1404 742 generis
1415 671 1554 727 nobilitate
1562 672 1668 727 aeteus
1680 671 1884 739 praestantiores

1085 754 1220 816 utcunque
1235 743 1403 808 ridebantur,
1419 741 1498 797 bonis
1519 741 1645 798 omnibus
1660 744 1791 812 spoliatos
1810 753 1884 799 troas

1085 829 1160 871 mare
1175 814 1301 885 navigare
1313 812 1454 882 compulit,
1470 812 1521 868 uisi
1537 812 1694 868 moirrisseut
1709 812 1743 868 ad
1757 812 1885 870 viliorum

1084 885 1171 941 manci
1191 885 1279 939 iorum
1301 883 1482 940 conditionem
1511 883 1608 953 redigi.
1636 884 1756 939 Peterem
1781 896 1885 943 sortem

1084 955 1155 1011 beati
1168 901 1298 1025 ipulgeotii
1312 970 1389 1009 arum
1400 953 1483 1025 216
1493 968 1600 1019 erassum
1615 953 1697 1010 tuisse
1707 954 1840 1010 discimus
1852 970 1884 1009 ιι

1084 1026 1204 1095 eiusdem
1220 1027 1305 1081 sancti
1320 1026 1384 1090 rito,
1397 1039 1457 1094 cap.
1475 1024 1500 1089 i,
1517 1023 1562 1078 ubi
1578 1023 1741 1092 Gordianus,
1757 1026 1797 1081 sic
1811 1026 1884 1078 enim

1084 1096 1280 1166 appellabatur,
1291 1111 1325 1152 cx
1338 1104 1494 1152 senatorum
1505 1093 1753 1167 Cambapioensiuar
1770 1111 1885 1151 nrrmeeo

1084 1167 1231 1237 impositam
1250 1166 1480 1237 perepdaationem
1499 1164 1592 1220 libenti
1614 1167 1704 1222 antimo
1729 1169 1885 1236 suscepisse

1084 1239 1192 1364 ιιιίϋιιιιιι,
1202 1238 1395 1307 rolenssaitem,
1407 1235 1574 1309 facultatibus
1584 1237 1701 1309 perditis,
1712 1254 1764 1292 neu
1776 1235 1885 1305 perdere
1939 1288 1944 1295 .

1095 1311 1235 1364 iertotem.
1808 1328 1813 1335 ·

1119 1378 1147 1434 i.
1163 1380 1283 1435 Aliorum
1295 1377 1470 1450 quorumdam
1482 1377 1614 1434 iortnoom
1626 1379 1723 1435 docent
1733 1393 1783 1434 nos
1794 1378 1886 1433 Tinea·

1084 1449 1163 1507 doeiti
1179 1449 1319 1576 egistoloe,
1332 1451 1378 1520 qui
1391 1464 1407 1505 e
1421 1451 1506 1518 patria
1522 1449 1637 1519 prologi,
1653 1459 1712 1516 post
1726 1461 1886 1520 peragratas

1085 1520 1174 1577 varias
1216 1520 1309 1576 riaetis
1323 1520 1478 1589 prouincias
1496 1521 1522 1574 ln
1538 1521 1643 1592 Syriam
1663 1535 1749 1588 usaue
1764 1523 1886 1590 pertige-

1084 1601 1157 1648 enot.
1176 1591 1297 1649 Celebris
1309 1591 1381 1648 ieter
1393 1601 1506 1647 coeteros
1521 1590 1569 1645 init
1583 1591 1767 1656 Coeiostiacus,
1780 1602 1840 1657 aret,
1856 1599 1886 1648 ot

1084 1663 1290 1719 attestatores
1313 1662 1433 1729 liabent,
1451 1661 1631 1718 Coeimtianus
1651 1661 1779 1727 auidam,
1800 1677 1885 1731 nerem

1086 1734 1156 1789 idem
1169 1733 1350 1789 theodoritus
1359 1733 1510 1802 appetitam
1524 1731 1695 1789 commendat
1705 1731 1818 1800 epistola
1829 1734 1885 1800 aba

1087 1804 1114 1859 io
1127 1819 1179 1875 qaia
1192 1802 1443 1872 caritupioeosianr
1458 1803 1531 1860 uices
1545 1804 1698 1873 deplorans,
1712 1802 1820 1874 epeepic
1837 1819 1886 1859 nr·

1078 1875 1125 1930 iris
1145 1875 1222 1932 istius
1241 1874 1345 1931 cladem
1364 1874 1502 1930 describit.
1519 1874 1581 1940 Quae
1595 1873 1819 1944 Coreliopireensec,
1843 1874 1887 1930 io·

1080 1945 1148 2016 quit,
1157 1946 1226 2016 poesi
1236 1954 1306 2014 sunt,
1315 1944 1435 2014 AEscbpii
1446 1954 1470 2000 et
1483 1944 1618 2007 Sortitoctis
1629 1945 1753 2014 trapoedio
1767 1955 1884 2016 sperent,
1898 1943 1902 1951 ’

1080 2027 1156 2087 atque
1170 2017 1262 2071 lterum
1274 2032 1374 2085 quaerre
1385 2016 1499 2082 iinpuom
1513 2017 1619 2087 tortasse
1633 2017 1742 2070 uinceret
1756 2016 1887 2074 irralermn

241 2086 305 2143 585.
322 2087 421 2144 tutem
437 2088 518 2144 babet
541 2087 697 2144 isidorusio
718 2087 834 2143 ilistoria
850 2086 1030 2141 vandalorum
1080 2086 1887 2158 arrpuitndo.liiaenirnatiemonisipsisquondomeiacapto,

240 2172 296 2213 aera
304 2158 368 2214 tot.
385 2158 436 2213 iiie
446 2161 539 2214 uiolato
551 2159 703 2213 sacramenti
715 2157 839 2231 reiipione
851 2156 1032 2228 Cartbopinem

1081 2161 1132 2214 imo
1144 2162 1202 2227 pec
1215 2174 1274 2212 curu
1284 2159 1397 2213 ιιιιιιιιιι
1409 2156 1491 2212 licam
1510 2159 1542 2211 de
1555 2158 1701 2227 principatu
1713 2172 1782 2227 scope
1796 2170 1886 2213 certo·

241 2226 303 2283 dolo
319 2231 389 2297 pacis
403 2230 520 2295 inuadit,
536 2238 600 2294 etc,
622 2239 650 2282 nt
665 2231 795 2294 Prosper:
819 2229 915 2294 artibus
937 2227 1029 2282 addit:
1080 2236 1141 2293 rot,
1163 2245 1268 2299 carieque
1287 2231 1315 2283 iu
1334 2243 1462 2283 tummrnu
1481 2226 1615 2283 discrimen
1630 2228 1796 2292 adduxerat,
1811 2228 1888 2285 indi·

239 2298 365 2356 Arionem
380 2302 549 2371 pestilentiam
561 2315 605 2369 per
616 2301 812 2366 taloardiricam
824 2298 978 2364 intromittit,
987 2314 1031 2353 eo-

239 2371 355 2427 cerdotee
368 2369 480 2426 eccieeiae
520 2372 585 2438 eiiit,
608 2380 733 2439 irrortpres
749 2371 873 2439 plurimos
887 2370 975 2439 efficia
990 2378 1031 2436 et,

238 2442 316 2514 juxto
326 2443 486 2513 propitatione
498 2389 626 2506 Boaulia,
642 2441 778 2496 deretutatis
788 2440 914 2511 mysteriis
931 2449 1033 2494 soracte·

240 2525 299 2564 ram
309 2513 427 2567 ecciesiae
436 2510 531 2566 Glrristi
542 2512 657 2567 itastibue
667 2512 783 2567 tradidit.
796 2513 862 2577 Qretc
873 2512 965 2566 ultima
973 2525 1032 2565 vce·

240 2581 275 2636 ba
285 2596 319 2637 es
332 2583 406 2637 idatii
421 2582 556 2639 Cleronico
575 2594 711 2637 nantuacus
721 2592 774 2638 est.
791 2582 866 2636 itiam
879 2595 944 2636 uero
958 2587 1035 2636 notat

241 2650 415 2707 Marcellinus
427 2668 519 2709 eomes
535 2671 550 2707 ιι
565 2654 692 2708 calendas
706 2650 874 2718 Norenrbris,
891 2668 944 2721 ano
956 2666 1033 2708 asse·

240 2721 277 2776 rit
296 2723 485 2794 Carthaginem
500 2740 516 2779 a
531 2723 679 2781 Geuserieo
702 2736 861 2794 occupatam
883 2721 974 2778 luisse.
1000 2723 1034 2778 bt

239 2791 409 2863 pracferenda
422 2804 463 2850 est
475 2793 599 2865 Prospeei
614 2804 641 2849 et
651 2794 725 2850 idatii
738 2793 894 2849 auctoritas.

274 2862 303 2920 2.
325 2864 363 2921 ite
382 2863 567 2922 africanorum
586 2866 783 2937 prouinciarum
809 2866 944 2936 ipsiusque
971 2863 1036 2921 Car·

241 2933 358 3005 thaginis
378 2935 484 2994 excidio
504 2936 579 3006 plura
601 2936 681 2991 babet
702 2936 842 2992 Saluianus
863 2935 1035 2991 Massiliensis

239 3005 381 3077 presbyter
410 3008 437 3062 io
462 3008 536 3063 libris
557 3008 591 3062 de
606 3005 805 3062 Gubernatione
830 3008 898 3069 ilci,
921 3021 1034 3075 «paurum

239 3084 332 3132 sortus
347 3087 374 3131 et
393 3078 447 3133 duo
464 3088 607 3146 sequentes
629 3079 684 3133 iere
699 3087 762 3134 suot
783 3077 830 3133 toti
848 3078 883 3132 dc
896 3078 946 3132 ime
957 3092 1036 3148 argu·

240 3155 342 3202 roeato.
356 3147 408 3203 iias
423 3164 488 3205 rere
500 3148 667 3205 calamitates
680 3149 773 3204 diuina
786 3150 910 3204 celeritati
925 3149 1036 3203 tribuen-

1083 2299 1167 2353 briont
1179 2302 1254 2355 niodo
1265 2299 1335 2366 iacto
1350 2309 1386 2355 ιιι
1400 2298 1577 2354 barbarorinu.
1592 2297 1624 2352 Et
1636 2300 1680 2368 epu
1692 2298 1888 2355 celeberrimam

1082 2370 1139 2439 ejus
1155 2372 1255 2426 curiam
1272 2371 1408 2436 orreobant,
1426 2369 1485 2425 orbe
1501 2380 1553 2426 toto
1570 2386 1637 2423 nunc
1651 2378 1749 2432 creant,
1761 2372 1840 2423 eitam
1854 2387 1888 2426 ca

1083 2441 1252 2511 hospitalium
1265 2441 1398 2496 bominum
1422 2442 1538 2496 aturribus
1560 2449 1750 2504 sustentantes,
1767 2441 1888 2507 eiectique

1084 2513 1255 2583 spectantibus
1269 2512 1410 2583 iacrpotos,
1428 2521 1452 2566 ct
1469 2526 1554 2566 return
1572 2509 1742 2564 ltrtrrmnarum
1756 2512 1887 2565 instabili·

1085 2590 1162 2636 tatem
1177 2582 1411 2654 eolubditotemque
1435 2584 1577 2637 declarant.
1598 2581 1669 2636 iiiios
1692 2582 1811 2652 epreirlem
1831 2583 1888 2637 ridi

1085 2668 1139 2707 corn
1159 2653 1226 2711 iures
1241 2654 1301 2710 inde
1315 2657 1454 2724 proiectos,
1468 2662 1492 2707 et
1503 2653 1578 2708 timui
1594 2668 1602 2706 :
1622 2656 1705 2707 nescio
1720 2653 1802 2720 etaim,
1814 2655 1888 2718 puad

1085 2724 1122 2777 ait
1137 2670 1274 2794 geriacum
1293 2723 1384 2794 (Prae.
1410 2738 1492 2788 ιιιιι,
1510 2722 1549 2795 l),
1565 2723 1628 2792 quid
1641 2733 1822 2790 sirperrentnra
1841 2741 1889 2787 pa·

1085 2793 1137 2849 riot
1151 2796 1214 2852 dies.
1234 2795 1303 2851 Τιιιιι
1322 2795 1475 2865 bppcliioni
1489 2792 1677 2851 Coelestfacnm
1690 2794 1801 2858 speciali
1815 2794 1888 2850 olie-

1085 2875 1131 2920 ctu
1141 2865 1321 2932 commendat,
1334 2867 1378 2936 qui
1390 2881 1514 2935 anaginna
1527 2880 1560 2920 ιι
1572 2863 1767 2919 calamitatibus
1781 2865 1885 2932 ortibus

1087 2935 1265 2993 oiiiictabatur
1279 2936 1392 2993 iaciebat
1408 2935 1434 2990 ia
1450 2937 1548 3003 pietate
1569 2943 1737 3005 prouentum.
1768 2933 1889 2991 Verreror

1086 3015 1188 3073 autent,
1204 3008 1304 3079 iaqttit,
1319 3009 1347 3062 iu
1363 3004 1451 3076 primis
1468 3006 1709 3078 prestantissiunun
1724 3016 1746 3060 ct
1763 3008 1890 3074 mopaip-

1087 3080 1260 3134 ceritiseimnm
1270 3077 1463 3143 Coeieuiocant,
1477 3079 1519 3146 ptri
1534 3086 1557 3131 ιι
1568 3076 1737 3130 calamitatem
1748 3092 1823 3146 epiro
1835 3079 1889 3145 [ert

1086 3151 1190 3215 auimo,
1210 3159 1234 3204 et
1253 3150 1384 3219 felicitatis
1403 3149 1569 3204 ntutariouem
1588 3150 1615 3203 iu
1633 3149 1788 3201 occasionem
1811 3150 1890 3203 vertit

240 3217 288 3271 doe
307 3234 358 3272 non
373 3235 443 3283 esse,
457 3219 522 3274 dicit
534 3219 603 3275 idem
625 3228 718 3273 auctor
729 3260 737 3285 ,
750 3219 795 3274 aed
810 3220 931 3290 dirorum
946 3220 1035 3273 sceleri
1049 3216 1073 3280 C
1089 3219 1274 3289 philosoplis,
1291 3222 1514 3290 uniuersarumque
1532 3219 1661 3273 becaren
1678 3217 1783 3280 laudat.
1798 3225 1822 3269 et
1839 3219 1890 3273 brie

1832 345 1886 406 are
1971 330 1975 338 “

241 3286 412 3357 deputandas,
428 3291 472 3358 apd
490 3290 621 3345 Vandalus
635 3291 716 3369 praui,
729 3300 864 3359 arrtcpnaur
874 3291 1037 3362 illuaperpe·
1089 3291 1230 3346 conducere
1249 3292 1401 3357 arbitratur,
1417 3291 1486 3361 quod
1501 3289 1546 3344 iiie
1562 3300 1606 3342 ant
1619 3288 1674 3355 fieri
1685 3288 1774 3356 jussit,
1794 3300 1841 3342 uret
1860 3306 1891 3344 ne

239 3366 311 3423 rent,
326 3360 594 3430 octeripoiniqteitate
609 3368 756 3416 traxerant.
778 3361 940 3416 Eorrrmdern
959 3360 1037 3415 diro·
1089 3362 1160 3430 fieret
1184 3379 1234 3416 non
1263 3362 1404 3431 probibuit.
1434 3358 1579 3429 ineffabilis
1607 3374 1715 3428 urentpue
1736 3368 1772 3412 ιιι
1792 3359 1891 3415 dietae

239 3441 302 3482 rum
312 3430 375 3483 uitia
389 3439 415 3485 et
429 3431 592 3499 depravatos
610 3445 699 3486 rueres
713 3434 748 3486 ita
765 3441 921 3502 exaggerat,
937 3445 963 3486 ut
980 3435 1039 3487 nui·
1091 3431 1262 3487 Prouidentia
1275 3434 1352 3486 ratio.
1370 3431 1449 3486 Hunc
1462 3448 1513 3485 nrm
1524 3447 1582 3484 enen
1598 3446 1677 3484 errore
1692 3446 1722 3483 oe
1737 3430 1800 3497 pliis
1813 3448 1892 3501 pere·

240 3497 296 3552 ium
308 3501 377 3568 apnd
394 3501 467 3570 ipsos
484 3499 589 3567 bonnm,
604 3501 651 3556 secl
664 3510 743 3556 tetam
758 3503 855 3556 arratum
868 3502 949 3556 inisse
962 3517 1037 3557 asse·
1088 3502 1233 3575 priuontcm
1251 3503 1440 3557 dirraimmitira
1464 3502 1633 3559 beneuolentio
1654 3499 1764 3563 eacipien
1783 3502 1891 3568 serapni-

239 3583 337 3626 rcrare
360 3586 412 3627 uon
433 3573 558 3637 dubitet,
583 3572 654 3638 prend
684 3588 781 3641 nempe
812 3573 915 3628 erciam
939 3584 1039 3629 eatena·
1089 3574 1192 3642 ficentia
1212 3584 1265 3628 tna.
1292 3574 1330 3628 iia
1351 3570 1891 3639 animieuimtuimapeitndinecootisns

240 3639 377 3709 oripiuoiis
391 3643 551 3701 sinceritate.
571 3643 649 3697 aliam
663 3643 852 3713 quodammodo
867 3645 892 3697 in
906 3642 946 3698 bis
963 3655 1038 3700 notu·
1088 3645 1200 3715 boepites
1218 3645 1280 3701 istos
1293 3644 1449 3712 introduco,
1469 3654 1492 3698 rt
1515 3644 1645 3699 liberalem
1663 3641 1796 3704 desierant
1814 3652 1891 3697 tuam

240 3726 298 3765 rem
310 3712 372 3765 uitia
387 3712 522 3769 iecissent.
547 3713 646 3769 Enetum
664 3715 830 3782 potissimum
846 3715 1037 3784 impudicitiam
1089 3716 1204 3772 arundo.
1895 3740 1898 3765 ι

241 3779 390 3838 insectatur
404 3785 474 3839 libro
489 3799 535 3839 ιιι.
550 3784 586 3839 At
599 3784 667 3839 libro
680 3788 801 3854 senectui
817 3784 843 3840 iu
859 3801 906 3840 eos
921 3787 1037 3843 maxime
1125 3787 1152 3843 5.
1175 3788 1287 3841 Exstant
1302 3786 1378 3856 'aperi
1392 3785 1516 3842 cuiridem
1536 3783 1727 3841 Tliuodorituot
1743 3782 1830 3837 varic
1847 3786 1891 3842 lit·

241 3852 355 3917 inreiiit,
370 3854 441 3925 quod
456 3855 526 3910 nulio
541 3857 567 3911 in
581 3868 673 3911 seruos
688 3857 745 3919 ilci,
762 3855 928 3925 potissimum
945 3872 1039 3913 aerina·
1091 3868 1156 3913 torae
1169 3858 1203 3912 ad
1216 3857 1357 3927 episcopos
1371 3857 1531 3919 nourriullos,
1547 3858 1669 3926 aliosque
1690 3853 1762 3907 viros
1778 3855 1891 3912 nobiles

240 3921 308 3979 ehoe
320 3965 329 3992 ,
343 3934 444 3981 sanctos
466 3926 513 3979 liei
534 3926 672 3995 appellat,
697 3928 845 3984 reuerentia
871 3937 1036 3996 tenerentur,
1090 3927 1309 3984 cananaeorum
1323 3939 1490 4000 argumento,
1503 3928 1530 3983 in
1540 3928 1637 3998 quibus
1650 3923 1740 3979 laudnt
1750 3938 1890 3982 suasuram

241 4009 310 4065 quos
330 4005 422 4053 contra
443 3997 599 4062 irridebant,
619 3998 818 4063 recoledicebout,
839 4000 1037 4067 detestobantur,
1089 3998 1241 4056 Coelestiaei
1262 4000 1288 4053 ia
1311 3997 1352 4053 itia
1377 3998 1572 4055 calamitatibus
1594 3994 1760 4066 perieeetulis
1781 3997 1893 4067 patien-

241 4066 446 4135 insectobantor,
466 4085 496 4122 eo
512 4072 598 4124 airardo
614 4070 640 4123 in
654 4069 713 4125 ilios
726 4087 788 4140 pene
803 4071 924 4140 iacientes
942 4086 999 4139 pute
1012 4073 1038 4126 in
1090 4071 1166 4126 tiano.
1179 4068 1360 4138 Paupertatem
1371 4082 1466 4132 antem,
1480 4068 1566 4139 linquit
1578 4067 1691 4138 epistole
1705 4064 1739 4120 et
1751 4073 1785 4119 ad
1799 4065 1893 4123 Patri·

241 4134 404 4193 Saloutarem
415 4140 689 4195 nostrumiudoeorunr
698 4140 814 4207 inrpietas
825 4154 884 4194 aiere
895 4141 953 4209 iecit
963 4157 1038 4211 quom
1089 4141 1159 4196 cium
1173 4143 1314 4205 comitem,
1330 4141 1407 4210 focile
1422 4143 1458 4195 ita
1470 4143 1529 4210 sert,
1546 4139 1672 4211 puoneodo
1682 4138 1758 4206 pauci
1770 4137 1891 4195 diuitias.

242 4207 278 4260 ed
289 4206 439 4274 mationem
458 4211 539 4276 ipsam
557 4212 635 4263 diuini
652 4212 784 4278 sarrpninis
800 4212 951 4281 perueniret.
971 4213 1037 4266 'ium
1092 4211 1179 4268 Utitur
1191 4212 1272 4265 etiam
1287 4210 1337 4268 irae
1351 4212 1493 4267 occisione
1511 4211 1646 4282 piissimus
1665 4209 1776 4263 aretinos
1796 4218 1828 4265 ut
1847 4226 1892 4266 re-

241 4276 323 4345 pauio
338 4284 398 4344 post
412 4278 568 4346 serlrjuopit:
585 4277 657 4334 inter
669 4282 764 4346 aprica
775 4283 905 4341 ciuitates,
918 4288 942 4332 et
956 4282 1039 4334 nram·
1090 4296 1149 4336 rum
1171 4280 1348 4336 ieurrranorum
1365 4282 1532 4350 tragilitateoi
1550 4282 1585 4335 ob
1604 4281 1697 4337 octtlus
1711 4289 1825 4346 praeiacet
1843 4297 1893 4337 oo·

209 4406 211 4410 ,
242 4360 284 4398 ure
296 4347 366 4401 intro
382 4345 544 4418 Cartioplnie
561 4365 660 4411 rrriuos,
674 4350 810 4420 palliatam
825 4362 848 4405 et
863 4351 1001 4418 pallidum,
1015 4362 1040 4406 et
1090 4367 1149 4406 rom
1163 4352 1196 4404 ad
1211 4365 1278 4420 qnos
1292 4352 1436 4408 scribebat.
1450 4352 1496 4407 Sic
1506 4352 1539 4406 ael
1553 4351 1698 4408 Stasimum
1711 4351 1842 4406 corriitem
1861 4362 1889 4408 et

242 4416 331 4470 recisis
354 4432 485 4479 comarum
507 4420 639 4486 puerulum
648 4420 721 4491 jubis
739 4436 818 4489 respice
840 4422 969 4473 edentem
983 4429 1040 4476 ten·
1091 4423 1232 4491 primatem
1251 4424 1367 4504 loqrritar
1380 4425 1492 4491 epistola
1507 4424 1543 4478 55
1564 4438 1571 4476 t
1590 4421 1701 4491 Expone
1719 4422 1893 4491 rempaifieea·

242 4501 300 4540 sum
313 4485 408 4549 uidere,
422 4497 475 4539 tam
488 4488 636 4558 inpeliaiiie
651 4490 762 4557 populns
775 4490 1040 4560 quomiupideliseine
1092 4493 1134 4545 tic
1154 4501 1206 4546 tue
1226 4501 1335 4562 patriam
1353 4491 1394 4546 iili
1413 4493 1594 4565 tioelcstiaco)
1614 4508 1667 4548 esse
1685 4478 1802 4545 outnibus
1825 4493 1892 4547 «tim

243 4556 357 4613 marato
375 4565 452 4637 atoue
470 4563 644 4613 exsecratore
656 4563 699 4613 uia
721 4569 830 4629 poteret.
847 4558 880 4613 iit
898 4562 920 4614 si
934 4562 1038 4630 peremtio
1053 4564 1251 4655 „decanatum
1281 4562 1407 4635 crepam,
1431 4566 1557 4619 ciuitatem
1584 4581 1642 4619 eere
1671 4564 1893 4628 spectatissimum

243 4625 537 4696 diunisberserooeant
547 4628 1038 4701 deAEppptioromcaenobiismnt,ete,
1091 4632 1386 4704 corruptelarum
1401 4644 1424 4689 et
1440 4635 1565 4707 lateritiam
1584 4630 1611 4689 ia
1625 4640 1713 4690 mnaln
1728 4634 1892 4701 clarissimo,

243 4698 281 4763 ed
294 4699 381 4752 urbem
400 4696 473 4751 iiiam
497 4700 577 4770 officie
597 4701 676 4754 diurni
689 4700 773 4770 operis
788 4703 908 4767 accessit,
923 4703 1001 4757 siatnl
1012 4713 1039 4759 ut
1092 4713 1145 4758 tum
1162 4720 1222 4775 opes
1232 4720 1350 4775 moprras,
1367 4715 1391 4758 et
1404 4721 1484 4772 supra
1500 4722 1577 4776 queam
1592 4721 1656 4772 optes
1670 4710 1723 4758 erat
1736 4707 1891 4775 optimates.

244 4769 341 4839 populo
355 4771 484 4840 apparuit,
498 4769 682 4840 coretumeiiot,
697 4771 832 4846 socriiepio
844 4783 868 4828 et
881 4772 1041 4831 maledictio·
1094 4773 1189 4829 Verrem
1203 4777 1257 4830 lreee
1271 4777 1356 4830 ouieria
1367 4774 1455 4843 [obuia
1473 4792 1539 4830 neree
1554 4786 1623 4837 erint,
1638 4785 1661 4828 et
1678 4773 1751 4829 reim
1765 4776 1895 4835 desecare

244 4854 290 4894 aee
303 4842 411 4909 excepit.
426 4839 482 4895 iiec
494 4843 576 4896 seium
591 4843 649 4910 boe,
664 4846 715 4901 sed,
722 4844 915 4914 improbissimis
927 4845 1040 4917 papirio·
1091 4846 1206 4900 narratio
1210 4884 1263 4901 .....
1281 4845 1353 4901 Talis
1365 4848 1485 4902 uiaticum
1503 4858 1539 4901 est
1554 4847 1685 4901 boninum
1699 4844 1743 4911 iiii
1760 4848 1823 4910 iras,
1834 4857 1893 4903 etc.

245 4924 332 4965 eorum
346 4909 478 4966 doctrinam
491 4914 637 4981 corbeianis,
655 4921 681 4968 et
700 4914 880 4969 detestantibus
902 4916 1040 4970 ridentium
1091 4916 1192 4971 Eadem
1209 4917 1293 4974 ieeure
1310 4918 1448 4989 repetitio
1464 4919 1575 4988 epistota
1589 4916 1624 4973 bb
1637 4917 1670 4970 ad
1684 4920 1776 4976 Acirim
1788 4918 1895 4987 Sapid-

244 4979 326 5035 abetis
337 4982 410 5051 qnasi
422 4986 515 5038 taureis
526 4983 680 5049 cedebatur,
692 5000 760 5054 uere,
772 4996 799 5039 ut
809 4988 831 5041 si
840 4986 896 5054 quis
906 5002 936 5040 eo
946 4986 1040 5042 tractas
1092 4997 1177 5050 stant,
1192 4998 1220 5042 ct
1238 4989 1264 5042 in
1284 4989 1396 5058 epistula
1416 4989 1451 5042 ῆι
1464 4989 1497 5044 ad
1512 4986 1678 5044 Themistum
1701 4991 1812 5046 Beroee
1825 4988 1895 5057 'epi-

244 5066 329 5105 rerum
339 5051 396 5120 {ieri
407 5053 502 5109 uideret
512 5069 564 5108 reon
575 5053 687 5121 aliquem
696 5055 823 5111 borriiuem
837 5057 965 5126 ludificari
975 5098 984 5123 ,
996 5059 1040 5114 sed
1093 5071 1214 5128 scaptiae.
1234 5058 1287 5115 Sed
1303 5060 1489 5115 obsecratione
1502 5057 1582 5129 digna
1595 5069 1657 5113 sum
1669 5077 1729 5130 arim
1744 5059 1778 5114 de
1790 5059 1895 5114 coelem

244 5135 338 5204 nonem
350 5122 544 5194 inauditumque
557 5135 699 5180 mandram
710 5126 780 5197 abipi
788 5137 864 5198 atque
877 5129 1041 5183 exsentinari
1092 5124 1252 5184 Coetcstiaco
1270 5129 1363 5185 scribit
1376 5130 1408 5182 ad
1425 5130 1556 5185 bennum
1573 5128 1767 5187 dertioctecmun
1781 5130 1897 5196 episco-

244 5191 423 5248 orbttraretur.
444 5194 507 5249 itae
520 5204 547 5250 ct
560 5197 611 5251 alta
636 5198 711 5265 pluro
732 5198 874 5254 Salvianus
895 5213 970 5253 more
992 5214 1041 5253 suo
1094 5212 1166 5269 preire,
1181 5201 1295 5270 epistola
1308 5201 1352 5255 51.
1368 5198 1596 5265 Praestantissimo,
1614 5200 1708 5269 irruerit.
1724 5212 1749 5256 ut
1767 5203 1896 5270 »reeomp-

246 5262 405 5332 popnlosad
424 5266 610 5335 paenitentiam
632 5269 791 5335 provocandi
813 5268 949 5325 desiderio
962 5271 1041 5325 obre·
1093 5270 1236 5324 eenttssimo
1251 5270 1398 5325 Caiestiaeo
1420 5272 1505 5336 proreta
1519 5271 1620 5339 peridem
1642 5273 1804 5329 at.:bcrrinra
1826 5269 1896 5325 Car-

245 5340 319 5415 ptus.
334 5332 395 5417 'Sed
414 5339 449 5389 de
467 5337 518 5392 irae
531 5337 699 5406 Caetlragiois
713 5339 790 5395 clade
806 5340 986 5396 concedendus
1000 5349 1043 5395 est
1095 5341 1187 5412 ιιιιιιι
1202 5356 1281 5412 periers
1296 5342 1355 5396 ciero
1370 5340 1439 5411 praed
1448 5341 1494 5395 illa
1511 5342 1717 5410 ierltspcetabilc.
1731 5344 1763 5396 dt
1778 5357 1850 5395 irruere
1864 5356 1898 5396 ee

247 5414 415 5486 potissimum
432 5406 523 5461 Victor
533 5407 655 5469 ,iliensis
675 5409 742 5464 libro
755 5411 842 5480 primo
862 5428 869 5465 :
885 5426 919 5466 ιι
933 5425 987 5479 ouo
999 5411 1041 5466 di·
1093 5426 1125 5465 eo
1135 5412 1224 5480 pulsru
1236 5420 1335 5467 eeteros
1352 5428 1411 5466 oras
1420 5422 1556 5481 peroptat,
1568 5421 1592 5466 et
1608 5412 1657 5467 ilci
1674 5414 1816 5468 uariandum
1836 5430 1897 5466 rara-

245 5486 348 5532 etunue
371 5473 585 5543 Qerodrultdeuui
612 5478 780 5551 Caretrapoes
802 5483 956 5552 episcopum
980 5496 1040 5537 eum
1094 5496 1156 5535 nuni
1174 5483 1357 5552 circuenspieit.
1380 5481 1463 5536 Habet
1483 5493 1604 5551 preterca
1622 5500 1688 5539 erras
1703 5484 1897 5549 incessentem,

246 5546 364 5605 maxima
377 5547 443 5602 cleri
457 5549 500 5605 sul
514 5559 605 5619 parte,
627 5559 741 5607 vetustae
762 5553 826 5607 nari
840 5553 993 5621 impositura
1012 5561 1041 5608 ut
1093 5553 1162 5622 qnod
1172 5552 1212 5607 itii
1222 5569 1296 5608 curae
1307 5561 1397 5625 repet,
1411 5569 1518 5608 acorem
1529 5563 1552 5606 rt
1566 5554 1634 5622 filios
1646 5566 1670 5611 et
1682 5556 1804 5627 (arrietes,
1824 5571 1899 5624 quo-

248 5617 327 5673 uadn
347 5616 575 5687 absorberentur,
598 5620 736 5691 Neapolim
756 5622 908 5692 Campaniae
928 5620 1043 5681 ieiiciter
1093 5638 1242 5678 rumcausa
1256 5623 1371 5697 pluribus
1386 5634 1440 5697 epet
1453 5623 1730 5697 internuntiorum
1747 5624 1818 5678 iilius
1836 5626 1899 5678 oni·

248 5688 393 5759 appulisse.
418 5689 456 5744 ile
471 5691 523 5745 isto
536 5705 646 5762 agemus
660 5692 727 5747 inira
743 5708 802 5761 cop.
817 5694 845 5748 9.
1094 5709 1164 5748 mmn
1182 5695 1324 5749 admiratus
1342 5710 1408 5750 sum.
1426 5695 1471 5752 Sir
1491 5696 1559 5751 enim
1577 5698 1650 5762 perosi
1668 5695 1782 5752 secandis
1808 5697 1900 5751 acerris

285 5759 312 5813 5.
332 5756 464 5815 Ceterum
488 5776 540 5832 atto
563 5763 709 5819 nobiliores
730 5773 808 5819 erant
827 5764 1042 5836 Caetiragiaensis
1094 5766 1212 5838 furetur,
1227 5766 1423 5837 pubernotoreur
1440 5766 1541 5831 iaudat,
1559 5775 1584 5820 et
1600 5783 1702 5837 promor
1715 5774 1900 5832 tempestatem

250 5828 326 5891 urbis
339 5833 425 5898 eires,
440 5845 473 5888 ee
487 5832 666 5893 miserabilior
680 5834 726 5892 luit
742 5836 849 5893 illorum
866 5849 953 5891 casus.
974 5833 1041 5894 Cum
1059 5886 1074 5913 ‚-
1093 5835 1168 5893 sibili
1186 5834 1264 5908 ΞΠ
1282 5835 1352 5907 tacit.
1368 5833 1493 5892 Pietatem
1509 5852 1618 5907 unirique
1631 5853 1663 5894 es
1679 5835 1828 5893 colonione
1847 5854 1899 5895 sao
