4080 6348
262 407 311 465 sui
884 382 1006 442 stooun
1025 379 1251 440 hrottmams
1319 454 1323 460 ,
1847 383 1904 442 iti

262 524 377 578 saniore
392 510 556 580 Philostrati,
570 507 618 566 sed
632 504 782 564 otiascius
794 498 961 559 Victorianus
974 498 1047 558 elii·
1064 498 1281 566 hambientenn
1305 496 1432 570 cupidum
1450 496 1584 565 scientie,
1604 503 1790 554 conunentem
1813 511 1897 569 pecc·

246 609 383 672 ‘comacbi
404 604 515 664 schedio
541 599 699 671 exscripsit,
727 596 789 668 quia
811 594 942 666 jusseras,
967 592 1052 649 misi:
1105 592 1175 657 nim3
1189 591 1260 648 inter
1277 590 1371 663 epulas
1390 588 1561 655 abstemium,
1581 588 1652 646 iuter
1666 596 1828 661 purpuratos
1849 591 1897 649 litt·

249 718 353 777 quam,
368 699 432 755 dum
447 707 542 767 parere
562 691 671 757 iestina,
684 688 809 747 celeriter
821 686 902 756 ejecit
915 685 942 739 iii
958 683 1053 739 tumul·
1106 692 1219 749 teatiim,
1237 684 1310 740 inter
1329 682 1464 739 alabastra
1478 680 1633 740 censorium
1650 694 1838 752 :concretum
1858 686 1897 743 lii-

260 794 377 851 marinio
401 785 549 857 exemplar,
573 781 679 839 turbida
701 788 728 837 et
748 787 761 817 ι
781 791 900 848 preceps
924 782 952 831 ct
975 776 1054 845 opica
1105 774 1222 846 spidum,
1238 775 1382 842 hirsutum,
1402 774 1430 830 in
1446 771 1538 831 medio
1553 773 1690 832 cadonum
1704 775 1896 844 delibutarum,

260 882 411 940 translatio.
433 877 524 950 Neque
546 874 613 931 inihi
627 888 684 930 reni
704 870 808 929 credito
826 867 980 924 diuturnius
994 865 1053 923 ela·
1105 874 1186 939 atque
1204 867 1275 924 iuter
1296 875 1418 937 reintrat
1436 880 1531 937 regunt
1553 866 1709 923 tiaratorum
1731 867 1895 940 myrrhatae,

261 974 384 1030 horatam
399 964 728 1026 rinocerostiariiiioio
748 977 792 1018 me
812 959 897 1017 tenuit
918 957 1051 1014 inclusum
1106 958 1268 1029 pumicatos,
1284 956 1477 1015 malobatratos
1487 957 1636 1016 venerabili
1649 960 1775 1031 squalore
1794 963 1896 1033 pretin-

260 1062 363 1121 incrab
378 1061 506 1119 moenium
531 1059 700 1114 livianorum
721 1054 812 1125 (cuins
836 1049 998 1109 incommodi
1021 1046 1055 1103 il·
1105 1068 1165 1109 sum
1181 1068 1190 1108 ι
1205 1067 1321 1123 cumque
1334 1051 1445 1123 proprio
1459 1051 1527 1107 nihil
1542 1052 1601 1109 esui
1619 1060 1665 1108 aut
1679 1052 1785 1132 indutui
1801 1055 1897 1126 ‹lepe-

260 1171 334 1223 neni,
356 1164 417 1227 post
434 1166 513 1223 opein
528 1149 638 1219 coristi,
654 1146 700 1203 tibi
716 1140 797 1220 215
811 1143 921 1214 debeo),
937 1156 992 1197 non
1006 1154 1051 1195 ia·
1104 1142 1174 1200 ende
1183 1142 1329 1211 conferret,
1351 1141 1441 1213 regnis
1454 1142 1490 1199 ob
1508 1141 1569 1213 lice,
1582 1156 1644 1213 que
1661 1144 1823 1215 pererravit,
1844 1161 1897 1203 non

142 1259 151 1273 ·
262 1248 337 1306 lebat
351 1245 424 1303 curis
435 1244 540 1301 animus
559 1256 642 1312 eger,
657 1239 745 1295 saltiin
768 1235 905 1294 saltuatim
921 1231 1052 1290 tradenda
1105 1240 1159 1289 tani
1174 1234 1319 1304 suspicioni
1332 1246 1412 1305 qnam
1425 1232 1510 1290 luisse
1523 1233 1678 1303 sitspectui;
1694 1243 1721 1290 et
1734 1232 1843 1291 fortuna
1854 1252 1896 1293 re·

262 1355 432 1412 percurrere,
455 1350 527 1393 nnnc
546 1350 596 1406 per
612 1342 744 1391 nocturna
767 1330 893 1401 suspiria,
913 1341 984 1383 nuuc
1004 1339 1053 1396 per
1093 1341 1168 1405 gum
1186 1326 1239 1383 sibi
1257 1325 1285 1382 iii
1307 1323 1433 1383 omnibus
1447 1325 1658 1393 obsecundante,
1671 1325 1718 1382 illa
1734 1335 1837 1383 ιιιιιιιιι
1849 1330 1896 1385 he·

262 1433 359 1489 diurna
372 1429 462 1487 cilicia
476 1428 632 1485 distractus.
653 1424 694 1480 lld
716 1425 766 1478 troc
783 1431 885 1478 etcum
901 1434 944 1475 me
956 1416 1054 1474 delati·
1105 1418 1199 1475 noticia
1214 1424 1380 1489 poscentem,
1396 1431 1457 1489 que
1472 1431 1549 1488 mage
1564 1416 1599 1471 sit
1613 1426 1707 1473 suetus
1726 1417 1817 1474 oblata
1831 1435 1896 1488 pra·-

260 1531 354 1596 gaium
370 1522 405 1579 ab
421 1519 544 1577 excubiis
567 1517 601 1573 ad
616 1515 794 1572 diversorium
813 1509 1053 1581 crepusculascens
1104 1517 1177 1566 stare
1196 1523 1276 1587 quam
1297 1522 1415 1566 sumere·
1429 1507 1498 1576 Quid
1517 1506 1629 1564 multis?
1644 1498 1673 1565 si
1687 1523 1750 1565 iera
1772 1510 1895 1567 medmut

262 1612 329 1670 hora
343 1619 526 1678 remeaverat,
539 1609 583 1665 iiii
594 1607 707 1664 dabutur
716 1604 861 1663 luminibus
874 1602 978 1659 iudeiis
988 1615 1053 1672 par·
1104 1602 1334 1675 aestimamusque,
1346 1601 1402 1659 iors
1416 1599 1474 1658 iuat
1490 1616 1525 1657 an
1540 1599 1692 1672 philosophi
1705 1601 1770 1657 ritae
1781 1602 1897 1673 sciptor

262 1706 323 1762 nula
338 1704 424 1776 quies.
441 1703 508 1767 iiain
523 1701 612 1773 iragor
634 1699 706 1756 illico
721 1714 801 1770 quoni
822 1697 966 1753 mouebant
983 1694 1051 1752 rici·
1104 1694 1216 1768 aequalis
1237 1695 1370 1766 maiorum
1393 1693 1560 1766 temporibus
1581 1693 1739 1764 accesserit,
1757 1703 1833 1752 certe
1848 1709 1895 1767 pat

262 1804 358 1852 nautes
370 1792 497 1868 impluvio
511 1792 628 1850 cubiculi
638 1791 691 1849 mei
706 1790 767 1847 douc
777 1789 907 1860 quaepiam
924 1786 1052 1844 Gethiibm
1104 1790 1205 1849 seculo
1219 1805 1280 1849 riieo
1290 1805 1339 1863 per
1354 1800 1381 1847 te
1394 1789 1479 1847 lector
1488 1790 1608 1846 ohieuit.
1625 1788 1702 1846 iaie.

261 1903 340 1954 anus,
351 1886 448 1959 quibus
463 1885 528 1941 nibil
551 1897 667 1955 unquam
686 1881 839 1952 litigiosius,
855 1880 987 1947 bibacius,
1002 1887 1093 1951 ιιι-Β
1381 1882 1549 1941 uitswhh
1567 1881 1613 1939 ii.

262 1979 366 2036 mactus
385 1977 533 2034 criassus
554 1991 615 2033 cum
632 1974 747 2047 priorum
770 1974 861 2031 reduci
879 1973 978 2044 aliquid
1003 1972 1051 2030 otii
1250 1977 1401 2035 stupuisse
1415 1974 1552 2033 Gomoario
1566 1972 1746 2031 meruissem.

262 2069 322 2138 ιιιιι,
337 2070 486 2140 impolitum
509 2068 581 2125 huuc
599 2067 844 2137 semicrudumque,
858 2075 896 2133 ιι,
916 2074 945 2122 ιι
964 2066 1049 2133 aiunt,
1139 2068 1298 2141 unquamne
1325 2084 1376 2126 nos
1389 2069 1437 2127 bei
1452 2077 1529 2135 notu,
1550 2067 1841 2140 dominicorumque
1854 2069 1895 2126 vi·

263 2172 416 2235 ttanquam
428 2171 562 2219 musteum
577 2161 686 2225 librum,
702 2160 763 2232 plus
776 2160 903 2217 desiderii
918 2161 955 2216 tui
969 2175 1050 2232 quani
1101 2158 1177 2218 debit
1195 2161 1241 2219 ille
1264 2175 1328 2234 ager
1348 2168 1410 2218 tuus
1431 2160 1605 2227 Octauianus,
1623 2173 1675 2217 nec
1695 2167 1757 2216 tuns
1779 2166 1896 2229 mutum,

260 2254 340 2310 oiiieii
354 2255 406 2311 mei
425 2268 530 2310 meinos
541 2253 638 2309 obtuli.
654 2253 784 2321 Quocirca
805 2253 905 2325 sepoiie
921 2253 1052 2323 tantisper
1102 2262 1231 2323 quantum
1246 2253 1409 2310 amicorumi
1420 2252 1471 2321 Qui
1485 2253 1599 2323 ciuitati,
1615 2251 1708 2320 bosio,
1722 2253 1791 2309 mari
1803 2254 1896 2326 proxi·

261 2347 385 2418 l’yihicas
398 2347 488 2404 lauros
501 2347 791 2417 llippocrensmque,e
820 2345 881 2401 illos
901 2345 1051 2401 carminum
1103 2358 1175 2412 inus,
1200 2345 1321 2416 hospites
1346 2344 1445 2416 epuiis,
1471 2354 1498 2402 te
1520 2345 1605 2416 pascit
1627 2347 1707 2418 217
1731 2345 1895 2417 hospitibus.

257 2438 356 2495 aiiodos
366 2437 416 2494 tibi
427 2438 474 2493 uni
484 2448 585 2493 tantum
599 2438 767 2508 penitissime
779 2436 944 2504 familiares,
955 2438 1001 2510 qui
1012 2446 1053 2493 ta·
1103 2433 1205 2492 Praeter
1216 2434 1286 2503 baso,
1300 2435 1384 2493 oculis
1397 2437 1557 2494 intuentium
1573 2437 1626 2493 situ
1640 2437 1896 2510 decoruszprimore

259 2530 428 2597 mendoctis,
444 2538 472 2585 ut
485 2544 515 2585 es
526 2530 593 2601 ipse,
606 2530 730 2601 personis
746 2545 799 2586 non
814 2539 867 2586 tam
883 2531 956 2587 ionte
969 2546 1050 2602 quain
1102 2527 1173 2597 loco,
1190 2528 1261 2600 quod
1274 2528 1438 2585 domicilium
1459 2528 1608 2601 parietibus
1619 2529 1761 2598 attollitur,
1783 2532 1816 2586 ad
1830 2546 1896 2587 con·

258 2622 350 2680 ironic
374 2623 517 2679 sudantur.
538 2621 678 2694 Suspcude
694 2624 841 2695 perorandi
860 2623 926 2680 illuil
944 2639 1052 2696 quoque
1102 2621 1247 2679 cluentium
1262 2621 1366 2677 scilicet
1377 2620 1615 2679 architectonicam
1626 2624 1803 2681 iabrelocatis
1818 2632 1894 2681 stain

155 2784 160 2796 Ι
259 2715 465 2774 celeberrimum
484 2716 750 2788 bononnesium
769 2717 1049 2790 solumrgciitiiitium,
1103 2714 1232 2782 sacrario,
1253 2715 1400 2785 porticibus
1419 2730 1451 2772 ac
1464 2716 1578 2773 thermis
1600 2717 1825 2787 conspicabilibus
1839 2717 1895 2775 late

257 2808 306 2865 sed
325 2807 502 2865 domesticum
528 2808 586 2876 tibi,
610 2808 736 2880 quodque
752 2810 778 2865 in
793 2818 869 2865 tuum
887 2821 979 2881 pectus
1004 2824 1052 2882 per
1103 2821 1264 2865 coruscans:
1280 2807 1315 2865 ad
1339 2809 1391 2867 boc
1413 2810 1496 2881 agris,
1524 2811 1665 2882 aquisque,
1688 2811 1789 2868 uinetis
1810 2819 1894 2884 atque

257 2900 400 2957 succiduas
420 2910 513 2957 etates
531 2900 567 2956 ab
586 2908 666 2956 atauo
687 2901 823 2957 Frontone
846 2900 1050 2957 transfunditur.
1103 2897 1219 2966 olivetis,
1235 2901 1379 2969 iesiibmo,
1394 2914 1500 2972 campo,
1522 2902 1814 2959 colleumoenimimos.
1831 2901 1894 2959 lam

259 2993 367 3067 Sepone
378 2994 551 3064 pauxillulum
562 2993 1049 3064 conclamatissimasdeclamationes,
1102 3005 1183 3062 snper
1200 3006 1311 3062 penum,
1325 2992 1368 3049 niel
1383 2992 1576 3064 supellectilem
1594 2993 1741 3065 copiosam,
1758 2994 1895 3052 thesauris

259 3094 326 3151 quas
338 3080 353 3119 l
364 3083 419 3139 oris
433 3082 501 3151 regii
516 3084 573 3139 rice
585 3083 712 3139 coniicias
727 3084 823 3155 quibus
837 3084 894 3154 ipse
906 3098 953 3140 rex
966 3085 1052 3158 incly-
1102 3084 1335 3141 bibliothecalibus
1359 3085 1432 3156 large
1455 3086 1571 3143 reiectus
1584 3104 1590 3141 :
1604 3085 1649 3142 ubi
1674 3086 1733 3155 ipse
1752 3087 1814 3142 dum
1835 3101 1894 3144 non

257 3180 303 3228 tus
317 3175 398 3230 modo
415 3173 497 3229 eorda
511 3174 641 3231 terrificat
656 3175 775 3245 gentium
792 3178 1049 3245 transmarinarum
1102 3178 1190 3234 miuus
1203 3177 1274 3251 stylo
1285 3194 1367 3250 quam
1385 3180 1487 3236 romeri
1505 3180 1646 3245 incumbis,
1665 3178 1775 3236 dililcile
1787 3181 1894 3236 discer-

257 3263 392 3356 modqde
407 3265 546 3334 superiore
566 3279 627 3320 cuni
648 3264 769 3321 barbaris
784 3265 817 3321 ad
832 3265 970 3324 Vachalim
991 3276 1048 3324 tre·
1062 3268 1085 3332 C
1101 3274 1173 3329 uitur
1187 3272 1289 3329 domini
1307 3272 1369 3342 ptus
1392 3287 1427 3329 ne
1445 3273 1481 3329 sit
1499 3273 1601 3328 coitum
1622 3288 1679 3342 rus,
1694 3287 1728 3328 an
1744 3273 1893 3345 ingenium.

258 3342 392 3411 mentibus
403 3353 493 3412 soedtli
508 3356 594 3411 licuit
613 3355 739 3421 innodat;
759 3353 840 3411 ¹1¹⁰d⁰
857 3372 905 3425 titt
918 3368 1048 3429 promote
1100 3365 1184 3422 liictu
1198 3366 1278 3438 igitur
1294 3366 1434 3438 (quantum
1457 3365 1595 3439 recordor)
1616 3365 1684 3422 citos
1698 3367 1811 3435 iambos,
1835 3366 1893 3422 eie-

257 3447 370 3504 limitem
393 3447 485 3516 sortis,
515 3456 544 3504 ut
563 3448 677 3518 populos
701 3448 751 3505 sub
774 3452 868 3516 armis,
895 3452 935 3506 sic
961 3450 1049 3508 irenat
1099 3468 1265 3533 possessos,
1280 3473 1313 3516 so
1336 3460 1495 3518 miqqqaiqq
1517 3462 1768 3535 pqqngisyuapps,
1788 3470 1815 3518 qi
1836 3476 1893 3518 ω.

255 3552 332 3596 arma
346 3541 397 3597 sub
407 3539 519 3610 legibus.
536 3540 642 3597 bruera
655 3550 788 3614 utcunque
808 3542 1048 3602 continuatissimis
1099 3560 1156 3609 tera
1170 3553 1290 3610 carmina
1312 3553 1430 3611 musicos
1444 3554 1525 3612 bores
1537 3555 1712 3628 thymumque
1725 3555 1888 3621 redolentia,

255 3634 341 3703 curis,
365 3642 393 3689 θῑ
418 3634 502 3689 (illum
524 3643 598 3690 tuum
622 3635 738 3691 ffl⁰¹¹¹l¹¹⁸
764 3634 857 3690 ³⁰5⁰ss
878 3636 1046 3708 ffl⁰¹lb¹¹⁵i¹¹⁰
1098 3661 1169 3704 nunc
1180 3646 1398 3703 Narbonensibus
1411 3647 1576 3714 cantitando,
1589 3662 1660 3703 nune
1678 3646 1891 3717 biterrensibus,

200 3745 202 3750 '
256 3725 357 3783 filim·
377 3724 523 3782 flliwlldffl
542 3725 687 3797 ssidililiffl
710 3734 775 3784 ‘⁰¹¹0
798 3743 976 3799 5⁶⁰⁰8¹¹0500⁸
996 3744 1046 3803 ⁰1)-
1098 3739 1286 3812 ambigendum
1298 3739 1412 3796 celerius
1431 3724 1617 3809 anpulcbrlus
1628 3738 1802 3805 elucubrasti,
1815 3737 1892 3808 apud

183 3860 186 3867 ¹
256 3832 370 3891 ll⁰l¹¹¹¹¹⁰
383 3819 466 3893 216
481 3828 729 3893 ⁰⁰¹¹¹P⁰⁸0¹¹l0f⁴i⁰02
752 3822 774 3877 ii
795 3836 855 3878 0¹¹¹ss
874 3822 983 3895 Τιιῐιθῠ
994 3839 1045 3880 ¹¹⁰·
1096 3848 1230 3905 equaevos
1250 3835 1365 3906 gratiam
1386 3842 1469 3898 tuam,
1484 3832 1581 3888 iarnam
1599 3831 1668 3904 apud
1683 3840 1805 3903 posteros
1827 3846 1892 3887 ani-

235 3921 322 3980 ,nro
335 3912 450 3967 nuncio
468 3910 616 3968 Caucasum
632 3910 790 3986 tonumque,
804 3917 923 3973 nuncsi
937 3917 1044 3977 AEtliio·
1096 3927 1238 4000 piraticos.
1263 3926 1344 3983 ceria
1359 3926 1465 3996 quoties
1479 3924 1545 3980 iiiut
1567 3927 1603 3981 ιιι
1625 3939 1718 3982 tersus
1738 3940 1752 3978 a
1773 3909 1891 3980 nicotia-¹

253 4018 319 4074 pum
336 4004 571 4077 gymnosophistas
590 4005 770 4077 indorumque
785 4008 954 4078 bracmanas,
973 4022 1044 4070 totus
1097 4021 1178 4077 tionis
1197 4016 1304 4087 incude,
1321 4027 1446 4088 tauquam
1467 4014 1555 4073 adhuc
1573 4016 1663 4084 calidi,
1684 4015 1889 4083 deferebantur,

253 4096 365 4152 lectioni
388 4110 498 4165 racana,
518 4107 546 4152 et
565 4100 623 4167 ipse
644 4100 842 4169 quodammodo
860 4106 1040 4175 peregrinere.
1098 4110 1297 4176 siciidebatur,
1312 4109 1398 4179 quiet
1413 4106 1888 4178 sinonbenescribo,beneiniiicn.

128 4222 135 4239 .
252 4187 657 4258 hegenlruni,lldeicathoiicae
667 4194 863 4263 pacepraeiata,
879 4197 905 4252 iii
920 4199 1044 4269 plurimis
1097 4200 1150 4258 Sed
1167 4202 1238 4271 quod
1249 4198 1385 4255 latendum
1403 4208 1444 4255 est
1461 4198 1558 4255 talibus
1573 4198 1668 4256 studiis
1686 4202 1889 4257 auterioretas

253 4277 370 4333 similem
384 4278 434 4346 tui,
451 4278 477 4332 id
492 4288 533 4333 est
545 4292 562 4333 a
574 4277 703 4337 divitibus
717 4285 859 4354 ambitum,
871 4304 922 4345 nec
935 4290 1044 4348 divitias
1096 4296 1169 4365 juste
1185 4293 1309 4361 uacabat,
1332 4307 1381 4349 seu
1406 4291 1477 4363 quod
1498 4300 1540 4349 est
1558 4292 1657 4362 terius,
1685 4295 1889 4366 occupabatur:

253 4432 585 4517 mendaticnmflmorotnr.
608 4436 666 4493 Non
684 4439 756 4496 enini
781 4442 974 4527 existimabant
989 4451 1039 4508 riri
1093 4461 1178 4510 strutn
1193 4453 1245 4509 boc
1257 4459 1319 4523 pust
1332 4450 1518 4510 Aruernorum
1535 4454 1700 4514 deditionem
1722 4459 1854 4531 relegatus
1869 4476 1888 4520 a

253 4505 324 4559 docti
339 4517 369 4558 se
380 4502 469 4586 cilicio
483 4505 647 4591 peqlunctos,
661 4525 722 4565 ium
738 4527 772 4566 ex
788 4514 925 4596 codicibus
939 4522 995 4577 suis
1010 4523 1042 4577 ii·
1094 4523 1189 4581 Gothis
1201 4523 1338 4589 Sidonios,
1350 4521 1448 4579 hecms
1459 4526 1625 4593 potissimum
1642 4542 1726 4598 opera
1740 4529 1886 4589 liberamini

253 4576 330 4630 lirum
341 4588 429 4629 amico
441 4578 645 4634 exscribendum
662 4591 797 4653 curarent,
815 4585 866 4640 nisi
885 4602 947 4644 euna
959 4606 1040 4662 opera
1093 4610 1123 4652 se
1136 4597 1286 4665 proibetur.

252 4658 304 4752 ιιιἱ
314 4658 393 4770 Pam
409 4647 655 4706 emendatissimum
675 4653 827 4710 redderent.
1131 4677 1142 4706 ⁰
1159 4667 1305 4722 limantem
1322 4676 1351 4723 et
1362 4668 1513 4736 incoctum,
1534 4669 1618 4725 instar
1636 4672 1727 4727 musti.
1750 4672 1827 4728 Plinii
1839 4673 1886 4745 ju·

342 4724 479 4797 ascriptio.
500 4720 545 4774 sic
556 4721 602 4775 bb.
617 4736 655 4789 ιι,
674 4733 752 4806 epist.
767 4725 811 4791 ιι,
827 4726 862 4809 de
878 4733 1041 4803 exemplari·
1095 4738 1178 4794 nioris
1191 4738 1325 4807 exemplo,
1337 4738 1383 4808 qui
1394 4750 1525 4796 musteum
1536 4755 1572 4810 qu
1609 4756 1643 4797 ue
1653 4743 1748 4799 librum
1762 4744 1885 4814 dixeras,

251 4787 304 4843 bus
316 4789 490 4868 epistolarum
502 4805 618 4873 'suarum
631 4809 639 4848 s
651 4806 746 4864 soptim
763 4809 918 4869 coactimque
930 4807 1042 4861 ironiis·
1094 4807 1140 4863 lib.
1156 4823 1214 4875 iiiii,
1233 4811 1311 4878 epist.
1333 4809 1381 4875 it,
1402 4820 1566 4866 mustaceum
1611 4813 1679 4868 clius
1694 4814 1810 4885 hungris.
1832 4815 1883 4872 Sic

251 4865 292 4911 tor
306 4857 413 4941 festinam
424 4874 565 4943 eescqipri,⁸
582 4860 627 4946 lib.
644 4881 680 4931 ir,
694 4867 773 4955 epist.
789 4870 832 4952 ¹¹}
844 4873 919 4941 copia
930 4878 1041 4947 trande-
1050 4873 1080 4934 tt
1093 4890 1226 4936 musteum
1239 4883 1346 4935 caseum
1363 4880 1464 4937 Plinius
1478 4884 1558 4949 alter,
1572 4881 1620 4938 lib.
1633 4897 1652 4938 it
1664 4883 1775 4953 histum,
1786 4883 1837 4953 ii,
1851 4896 1885 4943 et

250 4928 339 5010 cendia
358 4940 386 4983 ιι
405 4928 527 4987 ιιιιιιιιιι
549 4946 628 5001 epist.
646 4935 664 4990 8
681 4935 714 4989 ad
729 4936 868 4996 hidoniuio
893 4954 1012 5003 nostium
1029 4967 1036 5004 :
1092 4961 1193 5006 mustea
1209 4964 1284 5021 pyra,
1300 4960 1433 5007 musteum
1447 4953 1597 5016 succinum,
1612 4953 1672 5010 aliis
1684 4955 1773 5011 iocis..

250 4996 372 5083 dedicans
391 5015 508 5086 nomque,
523 5017 598 5072 quens
610 5005 643 5087 ue
652 5008 731 5076 [rotie
745 5024 801 5064 meo
814 5009 921 5067 Leontio
935 5031 976 5071 nie
997 5030 1040 5075 re:
1126 5018 1207 5078 ‹lheo
1229 5021 1300 5077 cuim
1323 5023 1396 5077 uelut
1418 5033 1536 5088 quacior
1556 5034 1615 5080 erat
1639 5025 1739 5082 linrici.
1756 5026 1883 5095 Quaestor

250 5083 336 5140 capere
353 5080 500 5155 scismatis,
522 5075 684 5130 transtulisse
701 5093 742 5131 nie
757 5079 854 5164 inieci:
871 5081 922 5140 hoc
941 5096 992 5158 cst,
1008 5102 1038 5146 ιι
1090 5102 1180 5149 anteiri
1203 5107 1235 5148 os
1256 5094 1393 5162 principis.
1414 5091 1515 5150 Gentes
1533 5092 1731 5151 Transmariuse
1753 5098 1882 5155 hocloco

252 5139 311 5208 lpse
323 5149 383 5208 post
401 5141 530 5225 loquitur,
552 5147 717 5229 exemplasse.
734 5148 781 5206 liei
803 5151 846 5207 hic
855 5168 937 5224 porro
952 5157 1036 5227 luciis,
1088 5171 1152 5220 sunt
1166 5163 1285 5227 Vandali,
1300 5166 1345 5233 qui
1358 5164 1383 5218 iii
1398 5163 1487 5220 hirica
1501 5166 1568 5220 mari
1583 5174 1686 5221 tantum
1699 5182 1714 5222 a
1729 5165 1880 5225 corborum

252 5220 280 5265 et
300 5208 369 5265 aiter
392 5212 446 5284 02
473 5222 551 5283 epist.
577 5215 620 5282 li,
635 5218 697 5301 bib..
713 5234 749 5284 is,
769 5220 804 5305 de
818 5222 953 5282 lienandri
970 5229 1034 5298 lipi-
1089 5236 1252 5303 Septimania
1265 5233 1354 5289 diuisi.
1371 5234 1479 5290 barbari
1499 5237 1533 5291 ad
1548 5235 1698 5308 Vachalim,
1714 5238 1811 5295 Franci
1825 5254 1880 5296 no·

252 5289 464 5363 treponteuqucm
478 5286 592 5355 legebat,
607 5289 746 5344 sidonium
764 5293 859 5363 liuguae
872 5293 974 5353 uraca
988 5314 1036 5370 pe·
1086 5304 1137 5359 stri
1151 5321 1158 5357 τ
1174 5314 1203 5358 ιι
1216 5305 1335 5360 carmine
1346 5306 1388 5359 ti.

224 5382 231 5419 ι
250 5359 331 5407 ritum
346 5352 429 5409 luisse
448 5355 573 5424 probant,
594 5371 694 5431 cosque
707 5360 871 5433 redarguunt
884 5368 930 5437 qui
943 5379 1037 5426 contra
1148 5373 1270 5424 betonsus
1282 5372 1484 5426 itchaltmbibat
1494 5375 1630 5430 sicamber.

212 5429 381 5534 ‘sequani
572 5497 578 5510 ¹
652 5476 666 5514 ‚i
792 5503 843 5519 Η
1103 5442 1241 5500 Promotm
1267 5446 1350 5500 sortis
1379 5445 1456 5502 limes
1484 5449 1518 5503 ad
1544 5451 1648 5520 imperii
1668 5452 1781 5509 itonam
1806 5452 1878 5509 linei

264 5566 272 5579 ν
315 5493 402 5560 Lirin,
415 5495 554 5551 castellum
571 5514 598 5554 in
611 5500 710 5582 linibus
723 5516 867 5573 prouincia
880 5506 1036 5568 Narbonen-
1089 5514 1247 5570 seierendus
1258 5523 1310 5581 cst,
1326 5515 1352 5571 in
1363 5531 1436 5587 quos
1445 5533 1598 5590 peruaserat
1611 5523 1740 5591 Eoricus3
1753 5533 1876 5592 utsupra

250 5580 297 5633 tis,
308 5565 378 5648 baud
395 5567 486 5637 procui
495 5566 681 5651 carcassione,
692 5582 722 5626 ut
734 5589 767 5629 et
789 5577 914 5635 himoiiio
927 5581 1034 5653 colligi·
1088 5583 1235 5642 dictumst
1249 5586 1382 5644 Ennodio.

252 5645 293 5717 tur
315 5634 363 5690 lib.
385 5652 405 5692 ii
420 5635 814 5728 Translucanus:diaconib,
833 5661 892 5730 cap.
906 5650 935 5707 l.
961 5652 1034 5709 idem
1125 5655 1330 5725 tiiarbonoiisi,
1346 5660 1406 5714 niro
1423 5674 1522 5731 genere
1541 5673 1569 5719 et
1591 5663 1689 5721 litteris
1710 5664 1876 5733 clarissimo,

250 5715 331 5787 etiam
346 5706 538 5791 docet-Tabula
554 5719 691 5769 itineraria
712 5713 874 5788 Peutiirgeri,
895 5736 955 5790 qne
966 5724 1032 5778 Car·
1086 5723 1223 5783 Consentii
1233 5727 1347 5784 senioris
1361 5727 1426 5797 iilio,
1440 5743 1471 5788 ut
1484 5747 1555 5790 reor.
1569 5733 1635 5791 Nam
1650 5735 1704 5791 duo
1714 5736 1774 5807 ejus
1791 5751 1877 5792 aonii·

248 5788 401 5859 caesionem
422 5788 542 5864 internae
556 5782 705 5840 iiarboueni
726 5785 806 5855 locat,
824 5788 872 5844 sed
895 5790 1031 5848 hirianani
1087 5795 1257 5865 olsiosriint,
1273 5807 1357 5855 otest
1372 5804 1398 5855 in
1416 5802 1496 5872 epist.
1514 5803 1820 5876 assiduissimus.
1836 5820 1877 5868 tx.

246 5854 378 5914 aioniinot,
393 5848 550 5908 duodecimo
564 5871 580 5913 u
592 5854 766 5913 Caicossionc
778 5860 913 5919 milliario.
929 5861 969 5918 hd
984 5879 1031 5919 ca·
1086 5865 1125 5923 bo
1138 5869 1232 5927 eodem
1249 5869 1323 5937 plura
1334 5872 1416 5928 etiam
1429 5874 1457 5928 in
1469 5872 1604 5933 Narbone.
