4080 6348
141 261 201 325 ess
868 242 1030 307 amasne
1607 192 1617 207 ’
1723 250 1779 310 ,gg

143 380 232 446 ctisis,
246 374 343 445 laris,
357 370 436 441 dtas,
450 369 586 440 Vachalin,
602 367 773 441 Ligerimque
787 364 895 437 bipenni
944 362 1148 435 Aflicquoque
1158 366 1277 420 munstre
1288 362 1392 434 domat,
1402 346 1782 437 erutiliquihusarcecerebri¹

144 471 273 532 Excisum
285 481 335 538 per
349 463 433 521 inusta
448 462 534 529 bibit;
549 475 610 518 cum
625 467 641 500 ²
653 458 722 517 bella
737 457 864 515 timentes
987 456 1029 514 td
1041 455 1154 513 frontem
1165 470 1240 513 cuma
1251 463 1335 513 tracta
1342 457 1425 528 iacet,
1439 456 1593 529 nudataque
1606 457 1698 514 cervix

145 560 271 623 Defendit
283 557 418 621 Turonos,
430 553 526 611 aberas
539 569 547 609 a
559 559 621 624 post
634 558 754 621 tempore
762 562 846 620 parsu
988 548 1111 606 &aarum
1126 548 1280 618 perdamne
1292 550 1371 617 nitet,
1384 558 1440 605 tum
1455 548 1557 606 lumine
1565 549 1660 622 glauco

144 652 289 729 Pugnastis
303 648 414 722 pariter,
426 646 546 702 Francus
558 642 715 716 querelose
726 648 848 712 petentes
988 638 1069 697 hibet
1082 653 1181 711 aquosa
1196 639 1278 706 acies,
1290 654 1322 697 ac
1335 640 1453 698 vultibus
1466 640 1586 714 undique
1598 642 1677 714 rasis,

145 749 304 809 Atrebatum
320 754 406 801 terras
419 747 573 812 peruaserat
585 755 593 794 s
607 736 651 794 hic
663 743 792 794 eoeuutes
988 735 1042 793 Pro
1051 734 1133 791 barba
1147 724 1240 792 tenues
1253 743 1411 805 perarantur
1422 738 1527 807 pectine
1540 740 1642 795 cristae.

145 841 314 902 claudebant
326 842 439 907 angusta
450 832 517 899 ries,
531 845 649 903 arcuque
662 827 804 886 subactum
989 816 1114 889 strictius
1126 836 1224 884 assum
1239 835 1328 883 restes
1339 841 1450 897 procera
1462 837 1591 887 coercent

147 931 397 997 vicum'ttetenam,
410 926 565 998 flumenque
578 921 658 982 simul
670 922 721 978 sub
742 919 849 977 tramite
858 918 939 991 lungo
989 921 1108 978 liembra
1121 920 1223 987 rirnm;
1239 926 1313 990 petet
1326 918 1360 974 iis
1371 917 1454 975 altato
1467 921 1584 991 tegmine
1597 923 1702 993 poples,

146 1031 230 1088 Artas
242 1021 389 1097 suppositis
404 1019 523 1078 trabibus
534 1017 721 1074 transmiserat
733 1027 825 1086 agger.
989 1013 1072 1071 Latus
1085 1018 1113 1069 et
1125 1020 1263 1084 angustam
1278 1009 1417 1082 suspendit
1431 1010 1535 1068 balteus
1544 1011 1648 1070 airum.

146 1122 205 1182 lllic
218 1128 246 1178 te
258 1116 359 1190 posito,
372 1112 508 1186 pugnabat
519 1117 602 1184 ponte
614 1108 666 1166 suh
675 1108 734 1179 ipso
989 1105 1148 1163 Excussisse
1160 1104 1228 1160 citas
1238 1114 1344 1162 restem
1356 1117 1405 1173 per
1418 1102 1499 1160 inane
1513 1104 1652 1176 bipennes,

146 1212 311 1288 blojorienus
323 1221 406 1280 eques
419 1223 429 1264 ι
444 1204 500 1261 lora
513 1203 578 1274 ripae
591 1201 661 1259 celle
672 1198 831 1272 propinquo,
989 1197 1025 1256 Et
1038 1190 1123 1271 plage
1134 1197 1276 1270 praescisse
1287 1199 1392 1266 locum,
1407 1197 1569 1272 clypeusque
1583 1207 1673 1255 rotare

94 1360 99 1367 ⁶
147 1304 309 1368 &sparreus
319 1298 463 1366 monebu
471 1296 582 1369 hymen,
597 1291 783 1368 Scythicisque
791 1288 898 1350 choreis
989 1289 1091 1361 Ludus,
1105 1298 1133 1347 et
1145 1289 1424 1361 intortuspraccedere
1437 1290 1550 1346 saltibus
1562 1291 1666 1359 bastae,

148 1400 273 1460 ilabebat
286 1393 357 1453 liano
370 1390 467 1481 similis
480 1403 550 1447 nora
565 1395 648 1459 nupta
661 1383 769 1442 marito.
989 1383 1072 1455 lnque
1082 1383 1187 1441 hostem
1196 1383 1302 1441 senisse
1313 1385 1386 1455 prius
1400 1382 1566 1453 :puerilibus
1579 1384 1656 1440 anuis

149 1492 232 1568 316
242 1489 300 1547 ilos
310 1501 385 1561 ergo,
397 1492 427 1541 ut
441 1481 600 1556 perhibent,
614 1477 729 1544 strarit;
747 1474 897 1550 crepitabat
905 1473 940 1531 ed
990 1478 1040 1536 Fst
1051 1478 1114 1535 belli
1129 1486 1251 1535 maturus
1266 1492 1357 1547 amor;
1370 1476 1393 1534 si
1404 1478 1474 1535 lorte
1484 1485 1640 1549 prementur
1658 1486 1663 1493 ·

487 1604 491 1607 -
825 1567 906 1642 [ictus
990 1572 1069 1645 317
1081 1572 1135 1628 Seu
1149 1585 1273 1641 numero,
1286 1583 1334 1627 seu
1350 1568 1417 1629 torte
1430 1569 1493 1637 loci,
1508 1584 1582 1627 mors
1596 1569 1686 1625 obruit
1706 1570 1779 1642 ilios,

150 1677 251 1746 cessis,
263 1681 292 1733 et
303 1669 433 1745 oppositis
447 1668 584 1725 hastarum
595 1662 709 1722 retbere
723 1662 818 1718 thorax
991 1663 1050 1720 Non
1065 1663 1160 1731 timor;
1173 1663 1264 1719 inuicti
1278 1670 1409 1732 perstant,
1425 1662 1568 1733 animoque
1582 1670 1725 1732 supersunt

150 1771 269 1832 trechas
280 1765 408 1840 squamis,
422 1760 646 1820 donec'courersa
661 1755 767 1827 lugetus
954 1749 980 1812 B
991 1755 1051 1812 dem
1066 1768 1148 1827 prope
1159 1762 1220 1825 post
1233 1755 1360 1811 enimam.
1372 1753 1451 1810 Tales
1463 1764 1491 1810 se
1500 1761 1569 1810 teste
1582 1751 1694 1825 legarit,

151 1865 243 1925 Hostis
254 1872 329 1934 terga
340 1857 432 1917 dedit:
447 1853 574 1928 plaustris
589 1851 698 1908 rutilare
711 1849 817 1907 rideres
873 1922 876 1929 Δ
994 1848 1027 1904 Et
1041 1846 1168 1902 laudante
1182 1845 1255 1902 siros
1271 1846 1411 1917 squisnam
1424 1843 1509 1901 lereti
1521 1844 1610 1902 omnia
1626 1853 1725 1910 tecuns,

150 1953 290 2017 barbariei
303 1951 371 2008 vada
386 1949 453 2006 leste
469 1946 532 2014 tori,
545 1943 720 2016 coniectaque
735 1942 834 2012 passim
992 1942 1032 2000 'Fe
1044 1943 1101 2000 sine
1115 1940 1198 1997 multe
1209 1939 1271 1996 iacit
1283 1956 1291 2007 ;
1305 1937 1320 1978 ‘¹
1332 1947 1451 2010 pugnent
1461 1953 1511 2010 pro
1522 1937 1642 2010 principe
1655 1936 1743 2005 multi,

151 2039 275 2116 termis,
289 2043 464 2116 captivasque
473 2038 566 2110 dapes,
582 2037 707 2108 cirroque
717 2035 842 2092 medente
992 2036 1077 2104 Quam
1092 2032 1172 2090 timeo
1187 2048 1220 2088 ue
1232 2033 1287 2102 iam
1303 2032 1353 2088 iste
1366 2031 1432 2099 sibi;
1446 2032 1469 2088 si
1484 2046 1565 2103 regna
1581 2030 1693 2098 tenebis,

150 2131 547 2206 Ferreearunatosredolentia
561 2138 634 2187 serta
649 2128 761 2184 lebetas.
992 2128 1060 2184 llnic
1071 2127 1167 2193 vincis,
1181 2124 1477 2197 quodcunquedomas;
1494 2125 1530 2179 nil
1552 2123 1605 2180 iate
1624 2123 1782 2194 relinquunt
1821 2176 1824 2185 ι

151 2236 228 2296 llieet
241 2229 370 2291 increscit
381 2226 501 2293 Mauors,
517 2223 679 2294 thalamique
693 2221 816 2294 refringit
993 2220 1042 2277 ilic
1054 2220 1169 2276 medium
1184 2235 1193 2276 a
1208 2232 1349 2289 percussor
1361 2217 1431 2273 enim
1445 2217 1467 2273 si
1482 2216 1587 2287 respuis
1600 2231 1674 2284 esse,

151 2329 215 2391 Plus
226 2325 324 2384 ardens
335 2322 445 2380 bellona
460 2319 550 2385 iaces3
561 2316 629 2388 repit
639 2313 733 2371 esseda
745 2313 842 2381 aletur,
992 2312 1095 2371 Seruus
1105 2313 1176 2379 eris;
1191 2318 1265 2367 corte
1278 2316 1352 2364 rectu
1364 2308 1388 2365 si
1399 2308 1505 2371 tramite
1516 2316 1607 2364 seruet

151 2422 354 2488 habentemque
366 2427 475 2480 nurum,
485 2424 538 2467 non
552 2410 592 2467 sic
606 2407 759 2465 Pholoetica
773 2415 903 2474 munstre,
994 2410 1090 2469 Sidera
1104 2407 1263 2473 chaldaeus:
1276 2406 1351 2462 norit
1365 2406 1387 2462 si
1402 2405 1522 2478 gramina
1536 2403 1662 2470 colchus,

151 2517 238 2586 amne
252 2506 439 2568 Pelethronios
451 2503 578 2575 Lapithas
593 2500 741 2559 Semeleius
755 2499 828 2556 Fran
995 2502 1110 2574 Fulgura
1123 2501 1146 2557 si
1159 2500 1292 2567 Thuscae,
1307 2498 1330 2554 si
1344 2496 1490 2553 Thessalus
1504 2496 1578 2552 elicit
1591 2494 1710 2566 umbras,

151 2604 267 2674 lliscuit,
282 2600 423 2660 AEmouias
435 2597 499 2653 dum
513 2595 652 2651 nemmem
665 2592 739 2664 orgia
754 2598 869 2660 matres,
995 2594 1025 2653 Si
1036 2592 1124 2665 Lyciae
1137 2599 1225 2647 sortes
1236 2590 1352 2661 sapiunt,
1367 2587 1492 2644 sinestra
1505 2587 1596 2642 relatu

151 2701 186 2759 Ft
197 2699 332 2756 Venerem
344 2692 509 2760 ttereuque
520 2685 603 2752 sient,
617 2676 749 2755 ac'prima
762 2688 888 2740 cruentas
995 2686 1060 2743 Fata
1076 2686 1220 2756 loquuntur
1229 2697 1303 2751 eres,
1315 2680 1407 2738 'doctis
1419 2681 1550 2738 balatibus
1565 2680 1697 2736 Hammon

151 2792 318 2851 Consumtinl
330 2785 365 2842 til
378 2783 449 2840 bella
462 2779 548 2847 cibos,
564 2776 721 2846 ⁸³⁰⁰¹¹⁰c¹¹0
735 2783 823 2832 l⁰lll⁰
994 2779 1023 2836 Si
1037 2778 1157 2836 sanctum
1170 2779 1219 2834 sub
1231 2780 1306 2849 syrte
1316 2775 1408 2847 gemit,
1420 2776 1444 2831 si
1456 2776 1572 2847 denique
1585 2789 1678 2831 rerum
1771 2766 1776 2769 ’

152 2886 252 2949 Pocula
267 2884 319 2941 tela
334 2885 438 2953 putant,
453 2891 514 2934 cum
529 2874 704 2932 crudescente
714 2871 831 2928 tumultu
995 2874 1107 2941 Phsebe,
1121 2873 1239 2940 Themis,
1256 2870 1365 2927 Dodona
1377 2870 1462 2937 cenis,
1478 2876 1539 2938 post
1560 2877 1679 2938 tempora
1693 2874 1782 2926 nostra

153 2976 423 3040 PolluitAEmathium
437 2971 545 3045 sanguis
556 2968 731 3029 centaumeus
743 2966 858 3025 Othrins.
994 2965 1081 3023 tutius
1092 2964 1136 3021 hic
1149 2962 1282 3034 Augustus
1297 2962 1356 3018 erit.
1373 2960 1538 3030 conjunctus
1553 2972 1646 3014 amore

153 3071 207 3133 Nee
216 3071 277 3147 plus
286 3067 450 3140 'nubigenum
465 3063 636 3122 celebrentur
646 3061 734 3135 jurgia
748 3060 871 3116 iratrum.
956 3045 981 3111 d
996 3056 1185 3133 Praetereatcst
1201 3055 1314 3127 ·jsrreui
1328 3052 1436 3125 grandis
1449 3066 1530 3124 quem
1544 3050 1656 3124 spiritus
1667 3057 1754 3106 armat

155 3337 370 3416 expeditionibus
387 3336 511 3392 lustratos
524 3328 577 3393 ait,
591 3323 669 3395 pauci
683 3328 747 3380 sunt
758 3319 804 3392 qui
822 3332 875 3375 noo
889 3325 945 3375 sta·
978 3313 1131 3385 *csegorio
1153 3310 1345 3381 et,sigcberto
1368 3308 1486 3365 Annales
1506 3308 1607 3375 nostri,
1631 3307 1787 3370 clodsones

154 3414 204 3472 tim
217 3418 406 3485 agnoscantur.
428 3404 494 3461 Nam
516 3398 602 3456 Elaris
616 3396 675 3452 siue
695 3392 777 3476 dubia
796 3398 888 3446 noster
904 3397 946 3446 cst
998 3385 1195 3456 Thoringorum
1218 3382 1314 3438 linibus
1337 3396 1494 3452 egressum,
1518 3378 1639 3450 protritis
1661 3379 1788 3438 Romanis

154 3486 262 3551 Elaver,
282 3478 395 3538 casaris
408 3468 613 3532 Commentariis
637 3464 807 3528 potissumus,
830 3461 875 3532 qui
897 3476 958 3532 por*
997 3457 1042 3526 qui
1067 3456 1107 3512 cis
1123 3454 1244 3524 lllsenum
1259 3464 1354 3518 crant,
1376 3454 1402 3506 in
1425 3450 1618 3508 carbonariam
1639 3451 1732 3506 siluam
1745 3464 1789 3506 re·

155 3556 336 3613 deserueram
350 3549 427 3621 plana
442 3544 598 3607 decurrens,
612 3535 732 3593 collectis
754 3535 880 3602 utrinque
892 3530 944 3586 eli·
1000 3528 1083 3592 nisse,
1098 3525 1248 3583 'lernaeum
1261 3534 1289 3579 ct
1302 3524 1476 3579 cameracum
1497 3522 1588 3587 urbes,
1604 3522 1711 3591 aliaque
1724 3536 1786 3577 snex

155 3632 220 3697 quot
233 3624 364 3686 amnibus,
377 3620 404 3674 in
417 3616 531 3687 Ligerim
543 3611 622 3683 paulo
637 3606 705 3662 irslra
715 3604 861 3660 Nivernuns
871 3603 946 3658 erol-
1000 3600 1089 3654 omnia
1110 3598 1143 3652 ed
1157 3596 1303 3652 Somonens
1325 3608 1410 3663 usque
1419 3593 1531 3647 lienium
1545 3606 1702 3661 occupasse.
1716 3590 1789 3646 Con·

156 3697 238 3752 ritus.
254 3692 341 3751 Ledus
362 3690 389 3745 in
411 3683 611 3756 septimaniae
636 3675 789 3736 cemmenis
810 3672 946 3730 montibus
1000 3679 1053 3724 stat
1065 3668 1135 3724 enim
1149 3668 1229 3724 urbes
1242 3665 1467 3722 illeshsrehetusn
1483 3662 1555 3732 agris
1590 3663 1789 3718 sosimaseese.

155 3782 205 3835 per
216 3765 313 3823 Volcae
328 3759 497 3817 Arecomicos
510 3752 666 3831 athlantem
679 3747 818 3805 Pessulum
833 3745 859 3799 in
873 3758 947 3800 masc
1000 3740 1088 3811 Quare
1097 3754 1157 3793 cnm
1170 3738 1196 3792 in
1207 3738 1256 3793 hos
1267 3749 1371 3805 quoque
1381 3678 1660 3803 posteapcruaXcrent
1681 3731 1789 3794 Frassoi,

157 3837 287 3893 Gallicum
298 3830 429 3889 decurrit.
453 3828 490 3883 lle
503 3824 565 3880 Cliti
584 3836 662 3877 unrca
683 3828 726 3877 est
743 3814 944 3871 corrasorcrsie:
1000 3812 1033 3866 ab
1048 3809 1126 3865 detio
1147 3808 1283 3872 inhibitos,
1299 3817 1326 3862 et
1340 3805 1390 3859 hac
1413 3818 1493 3873 quarn
1508 3802 1634 3858 Sidonius
1646 3802 1737 3855 laudat
1751 3803 1789 3856 si·

157 3910 185 3963 ln
199 3922 250 3979 qua
271 3905 392 3977 plerique
412 3896 526 3969 Papprio
544 3894 668 3950 blassouo
685 3885 877 3949 assentiuntur,
900 3884 946 3954 qui
1001 3880 1084 3937 ctoria
1098 3891 1238 3948 repressos
1251 3875 1378 3945 conjicio.
1705 3920 1716 3930 ,

157 3978 270 4035 clauum
284 3976 424 4031 Pictonum
436 3982 496 4026 ease
509 3965 609 4022 docuit.
629 3962 706 4019 illitis
719 3965 792 4015 certe
806 3953 946 4011 l'heodniti
1037 3948 1198 4021 cGraplsice
1220 3958 1342 4003 aeterum
1366 3945 1529 4000 Francorum
1552 3940 1711 4011 descriptio;
1735 3956 1789 4010 que

156 4045 374 4109 Aurelianensis,
389 4042 425 4100 de
442 4054 493 4112 quo
505 4037 566 4094 aliis
585 4033 698 4105 placuit,
713 4030 740 4086 iu
754 4028 826 4082 hunc
838 4027 944 4096 locum,
998 4036 1050 4077 non
1075 4020 1161 4076 solum
1181 4019 1235 4073 oris
1254 4017 1372 4073 habitum
1394 4014 1548 4081 cultumque
1570 4027 1678 4077 omnem
1693 4026 1786 4081 perse·

156 4120 210 4178 uisi
224 4118 317 4175 luxato
331 4112 422 4182 sessu,
436 4109 519 4180 recipi
533 4121 586 4163 non
600 4112 704 4175 potest..
999 4093 1100 4160 quitus,
1116 4104 1225 4160 procera
1241 4102 1365 4158 empore,
1388 4084 1485 4147 rutilosv
1495 4086 1601 4150 crines,
1615 4082 1710 4138 caesios
1725 4096 1788 4136 ocu-

194 4200 209 4230 ·
223 4186 381 4250 limabant,
404 4183 508 4253 opinor,
525 4193 540 4234 a
562 4175 656 4233 vicinis
676 4171 833 4235 armoricis,
854 4165 897 4239 qui
912 4166 946 4223 ad
999 4162 1050 4229 los,
1064 4175 1162 4233 pronas
1176 4161 1203 4214 in
1219 4160 1333 4215 innantem
1361 4169 1438 4211 tonso
1452 4155 1560 4224 occipiti
1574 4169 1679 4220 comas,
1695 4161 1789 4208 terreas

158 4261 310 4319 libertatem
327 4256 383 4327 jam
404 4250 516 4319 dudum,
531 4258 561 4304 ιιι
584 4263 617 4303 ex
639 4242 738 4300 Zesirui
751 4241 798 4298 lib.
815 4255 842 4294 ιι
862 4247 944 4307 pater,
999 4233 1146 4288 rasorultu
1170 4232 1381 4297 hermeneum
1399 4226 1508 4284 strictas
1530 4234 1559 4281 et
1580 4224 1698 4293 singulus
1712 4231 1788 4278 artus

158 4331 321 4403 aspirantes,
340 4331 389 4382 aut
400 4324 534 4379 Romanos
546 4319 629 4373 armis
643 4312 805 4386 appetebant
826 4311 888 4381 ipsi,
899 4316 947 4364 aut
999 4307 1191 4375 exprimentes,
1205 4301 1294 4358 nudos
1306 4299 1429 4370 poplites,
1450 4296 1519 4350 lasus
1530 4296 1646 4359 balteum
1661 4293 1714 4349 sesi
1724 4308 1788 4363 pro·

159 4402 374 4474 appetebantur:
386 4404 414 4451 ut
428 4408 482 4466 quo
493 4399 613 4461 tempore
622 4387 723 4443 bellum
733 4383 861 4438 adversus
874 4380 944 4451 illos,
961 4402 986 4466 ὓ
1000 4376 1058 4445 pria
1067 4375 1148 4432 etiem
1159 4388 1250 4428 corum
1264 4387 1348 4434 erma,
1366 4367 1552 4439 pugnandique
1566 4365 1685 4432 uredinis,
1700 4374 1727 4418 et
1747 4364 1800 4433 in·¹

160 4473 239 4529 Actio
257 4470 379 4533 absente,
396 4464 499 4521 llunnis
510 4458 703 4517 auxiliantibus
717 4454 799 4527 gessit
810 4452 945 4521 Litorius,
1000 4447 1099 4503 l'ractos
1112 4444 1189 4500 hellis
1204 4445 1309 4499 animos
1323 4448 1524 4497 cornrrnemuret.
1537 4439 1680 4494 Armorum
1691 4450 1788 4505 genera

160 4553 192 4599 ut
203 4550 245 4599 est
263 4542 290 4597 in
312 4536 473 4610 panegyrice
483 4531 567 4599 haiti,
581 4529 632 4587 snb
647 4541 758 4592 annum,
771 4532 801 4580 ut
819 4522 946 4580 ostende·
999 4516 1112 4573 Frasscis
1125 4515 1218 4571 cadem
1234 4510 1460 4582 tribuithgashias
1471 4509 1516 4564 lib.
1528 4524 1556 4573 ιι,
1567 4521 1674 4562 secures
1687 4506 1790 4560 scilicet

161 4627 235 4678 suus,
248 4611 312 4669 tat.
999 4597 1028 4645 et
1053 4589 1149 4643 aresces
1171 4587 1276 4650 hastas,
1299 4598 1365 4654 quas
1383 4596 1495 4635 ancones
1508 4580 1649 4634 uocabant.
1665 4576 1747 4630 Dictae
1763 4585 1790 4630 et

198 4682 213 4722 b
228 4681 265 4738 lta
279 4680 345 4736 liber
366 4694 435 4735 unus
450 4693 457 4731 ι
473 4672 544 4742 quod
559 4679 633 4728 certe
645 4669 733 4739 aptius
750 4664 855 4721 ridetur
870 4664 949 4735 120
1000 4660 1181 4727 securesipsac
1195 4657 1229 4712 ab
1242 4670 1333 4711 eosrrm
1347 4668 1396 4709 usa
1412 4650 1555 4723 fronciacus,
1571 4658 1599 4703 ut
1619 4657 1693 4702 nasas
1707 4645 1790 4701 isido-

200 4767 243 4809 am
275 4750 326 4807 uod
345 4752 372 4807 in
386 4749 445 4806 aliis
459 4764 467 4801 ι
482 4742 620 4813 Pugnastis
643 4740 737 4811 pariter
760 4734 884 4801 Francis,
899 4750 950 4804 quo
1000 4744 1056 4795 rurs,
1073 4738 1100 4785 ct
1112 4727 1206 4784 Gallici
1222 4725 1339 4781 iurnales
1353 4724 1378 4777 in
1390 4719 1523 4776 clodovei
1540 4719 1619 4774 nehus
1633 4718 1788 4773 ostendunt.

183 4825 219 4881 lei
235 4766 418 4878 ‚isauricum
429 4825 517 4873 autem
529 4814 580 4867 hec
591 4810 699 4876 bellum,
713 4808 740 4863 in
757 4823 810 4877 quo
823 4806 857 4862 ab
871 4806 949 4861 hetia
1002 4800 1129 4856 Bellicam
1148 4812 1212 4852 reno
1227 4795 1390 4851 Francorum
1411 4792 1536 4845 uirtutem
1559 4790 1654 4845 asserit
1670 4798 1696 4840 cs
1708 4788 1790 4843 issile-

162 4904 190 4953 ιι
202 4893 348 4965 liajoriano
363 4907 423 4948 cuns
435 4885 640 4951 Clodianerege
651 4886 795 4949 pugnatum
804 4886 855 4941 est,
870 4875 950 4945 pleri·
1002 4884 1052 4926 nus
1067 4870 1144 4939 imp,
1159 4868 1203 4937 qui
1224 4863 1444 4922 bellicosissimos
1459 4861 1653 4916 Gerasenorum
1672 4858 1790 4912 Frusrcns

163 4981 216 5038 que
229 4978 324 5023 omnes
337 4962 370 5018 ad
382 4959 497 5018 Felicem
510 4964 538 5012 et
547 4954 663 5010 Taurum
678 4947 819 5014 consules,
834 4945 949 5001 christi·
1001 4950 1029 4999 et
1039 4943 1159 4995 Saxones
1173 4938 1235 4993 lacit
1249 4938 1275 4991 in
1288 4936 1410 4990 erneornio
1421 4930 1582 4993 Constantii,
1596 4930 1628 4983 sle
1643 4929 1790 4996 liagnenrio

164 5049 329 5108 queauaum
343 5031 396 5088 lii
418 5027 514 5091 relerri
533 5025 645 5083 rolunt;
669 5018 739 5091 quod
754 5034 786 5074 eo
799 5031 870 5072 anno
885 5016 951 5072 Fro-
1003 5014 1125 5099 loquens,
1145 5009 1171 5064 in
1187 5008 1263 5076 errius
1287 5004 1382 5062 eastris
1400 5003 1506 5077 utrique
1531 4999 1678 5054 militabant
1697 4998 1789 5053 εἰη,

162 5122 228 5179 aper
246 5114 274 5162 et
293 5101 469 5160 cassiodorus
484 5104 586 5168 partem
608 5090 753 5148 Galliarum
775 5087 950 5159 propinquam
1002 5081 1139 5139 invisendi
1154 5080 1295 5154 dispraeti
1308 5077 1459 5149 τὸξιγγειὲς
1470 5075 1605 5144 σύμμαχοι
1623 5071 1790 5145 npeaopisre·

164 5177 260 5234 ilbenu
270 5190 349 5246 quam
364 5171 460 5229 Franci
481 5173 653 5239 occuparant,
666 5160 736 5218 deaii
748 5158 854 5215 consitis
868 5158 951 5212 armis
1002 5176 1041 5211 ees
1055 5155 1207 5231 apd-pressei
1221 5150 1332 5217 ια’ξιις,
1345 5155 1394 5204 τῶι
1409 5147 1474 5215 ὑπὲρ
1484 5146 1526 5200 τὸν
1540 5152 1618 5201 ‘renen
1628 5144 1667 5197 rel
1679 5145 1722 5200 τὴν
1734 5138 1791 5195 ιιι·

164 5255 300 5318 l'eoelllatll
314 5242 429 5301 tradant.
444 5241 541 5297 Vertlttt
556 5237 601 5307 (illi
617 5235 703 5305 potuit
715 5230 877 5299 Maiorianus
888 5237 952 5283 ltine
1003 5228 1095 5300 tragisse
1104 5224 1231 5282 θάλατταν
1244 5222 1317 5276 iiie-s
1331 5221 1364 5277 τὰ
1376 5219 1561 5289 μαχιμώτατα.

165 5318 271 5385 adesse,
283 5325 312 5372 et
326 5313 488 5370 mruecritcr
500 5310 638 5373 dimicare,
650 5303 740 5375 quibit
752 5309 812 5372 post
825 5314 910 5355 annos
924 5298 951 5353 in
1039 5295 1052 5335 d
1077 5295 1165 5351 Locris
1190 5302 1268 5349 antee
1292 5290 1422 5347 obscurus
1450 5286 1513 5341 sisio
1537 5282 1790 5355 interpunctionem.

165 5388 218 5446 hoc
240 5401 290 5445 suo
313 5385 453 5442 consutam
475 5379 581 5452 juvenis
597 5378 674 5433 eresi
695 5370 797 5429 Deinde
812 5371 884 5441 prior
906 5369 952 5424 illa
1004 5367 1136 5438 Pugnant,
1151 5365 1247 5435 inquis,
1258 5374 1408 5431 omncspro
1420 5357 1559 5429 principe:
1573 5370 1621 5426 pro
1634 5354 1728 5425 sejam
1744 5367 1790 5421 pu·

165 5458 303 5529 expeditio
323 5456 357 5512 ad
381 5454 521 5519 Rhenum,
538 5450 596 5506 haec
610 5453 702 5505 nostra
715 5446 748 5501 ad
762 5442 906 5500 Atrebates
924 5449 953 5497 et
1004 5443 1068 5511 ghat
1090 5437 1260 5509 llajorianue,
1273 5441 1302 5489 ut
1315 5442 1376 5502 poto
1400 5429 1524 5501 princeps
1545 5425 1659 5483 lusurus.
1674 5422 1751 5492 Quod
1766 5421 1788 5480 si
1842 5428 1845 5434 ’

165 5529 296 5586 Helenam
310 5526 408 5594 sicum,
422 5524 500 5595 cuius
512 5535 581 5579 nunc
594 5533 701 5590 quoque
715 5518 741 5573 iu
757 5528 824 5588 pago
838 5510 952 5568 harche·
1007 5509 1130 5578 princeps
1152 5506 1258 5563 iuturus
1278 5512 1329 5575 est,
1342 5505 1398 5574 jam
1413 5500 1451 5558 illi
1465 5498 1586 5557 seruiunt
1599 5509 1693 5553 omues
1708 5493 1788 5548 ricto

166 5601 236 5657 tensi
246 5599 280 5655 ad
290 5597 418 5654 caucium
429 5609 535 5652 amnem
547 5590 658 5662 vestigia
670 5596 786 5655 restans;
800 5599 861 5641 nasu
874 5583 953 5639 lledi·
1005 5581 1053 5638 rire
1064 5587 1125 5634 ιιι.

165 5685 230 5729 num
250 5668 333 5727 Vetus
356 5674 461 5725 nocant.
483 5662 591 5722 certius
617 5675 690 5730 ergo,
707 5660 764 5715 hacc
777 5665 851 5728 gessa
868 5651 954 5710 arderi
1042 5649 1205 5716 ‘cicimari
1218 5647 1321 5715 lielliae,
1335 5655 1367 5702 ut
1380 5646 1406 5702 in
1427 5642 1607 5703 drithemianu
1624 5636 1725 5697 desum
1738 5641 1788 5705 stt,

163 5750 229 5827 post
246 5752 347 5801 aueum
368 5736 469 5798 christi
480 5734 546 5805 lli,
562 5745 615 5806 qao
636 5738 756 5815 tempure
770 5734 879 5786 narsem
892 5739 953 5804 cuna
1006 5722 1076 5796 regis
1089 5719 1237 5783 cathetum
1250 5734 1283 5781 et
1296 5718 1351 5780 tilia
1363 5718 1463 5785 nenati.
1741 5738 1753 5753 ι
