4090 6348
250 455 306 516 Π,
413 451 415 455 -
882 440 1006 500 stooutt
1023 439 1250 501 ιιιιιιιιιιι
1837 443 1900 503 ⁴⁸⁰

250 579 373 629 terranea
384 563 526 637 deliquari,
541 576 596 620 novt
614 565 645 619 ιι
663 560 800 629 ductibus,
821 558 869 617 scd
883 568 912 615 ot
925 558 1042 630 piscibus
1054 560 1081 623 Α
1095 557 1144 614 tibi
1158 557 1274 628 amplius
1291 555 1415 614 conferre
1436 563 1593 629 potuerunt,
1606 570 1687 629 quarn
1706 563 1737 614 ut
1751 557 1776 615 si
1796 557 1824 614 id
1838 575 1897 618 no-

250 665 443 735 pauperaretor
463 676 471 715 s
494 657 540 729 qui
561 655 662 727 repulsi
684 656 712 710 iu
725 654 858 725 gurgitem
881 653 1039 724 pigriorem,
1094 651 1240 716 luissimus,
1257 649 1460 706 ctransiremus
1475 648 1560 705 inuiti.
1578 648 1648 704 illud
1663 649 1800 721 peculiare
1816 657 1896 708 tuum

249 771 345 815 munes
358 753 454 810 mbras
468 751 538 809 albis
551 748 739 806 abdominibus
753 747 912 804 extendunt,
935 745 971 801 ita
988 744 1041 802 illis
1094 751 1146 808 est,
1161 741 1226 797 iliud
1247 743 1341 812 gratias
1362 737 1517 811 singularia,
1531 738 1604 812 quod
1628 748 1683 795 tam
1705 740 1752 812 qni
1769 749 1796 798 te
1808 756 1898 799 amu-

249 862 300 905 uec
313 843 402 903 redire
410 842 573 911 valentibus,
584 856 634 898 nec
646 841 722 897 exire
734 838 882 910 permissis,
898 836 1041 908 quemdam
1093 834 1183 891 lemur
1196 849 1250 891 noo
1272 833 1365 904 babes,
1380 849 1461 906 qnam
1481 848 1535 890 non
1550 833 1713 905 interloqui
1729 844 1894 907 sequautur.

248 938 383 997 vitamet
403 933 620 992 circumlatitium
634 946 770 989 carcerem
785 931 951 1000 corpulentia
967 928 1039 985 iacit.
1094 925 1168 983 vate.

249 1030 336 1087 mens
359 1027 416 1100 ipse
431 1039 482 1099 qua
502 1027 614 1091 dexter,
645 1023 762 1089 incisus,
783 1021 934 1086 iievuosns,
949 1034 1042 1077 nemo·
1335 1100 1338 1105 ἕ
1372 1014 1541 1074 EPlSTOLd
1559 1016 1603 1073 ll.

249 1134 399 1192 rosnsqneq
419 1134 471 1191 qua
491 1118 592 1182 laertts,
613 1124 726 1186 pateus,
749 1113 898 1182 barbosus,
919 1112 1040 1184 aequalis.
1259 1106 1384 1164 Sfdvm'ttt
1403 1107 1515 1180 89119110
1533 1124 1580 1163 ⁸¹²⁰
1598 1109 1718 1165 willem-

250 1213 355 1285 AEqnor
375 1210 410 1267 ab
431 1208 523 1266 birico
543 1207 628 1263 viride
647 1221 696 1278 per
715 1205 807 1276 littus,
824 1206 886 1274 quia
901 1205 928 1260 itt
941 1204 1041 1261 ondam
1128 1198 1178 1255 vn
1196 1198 1363 1256 clarissimus
1383 1201 1523 1273 Proiectus
1539 1201 1613 1258 domi
1628 1202 1750 1271 nobilis,
1765 1213 1793 1260 et
1811 1214 1892 1276 patre

250 1305 344 1363 lroode
356 1310 498 1375 porrecta,
511 1307 541 1356 ut
561 1300 666 1373 glareas
684 1313 774 1369 aqua,
797 1297 837 1353 sic
850 1311 933 1368 aquas
948 1296 1042 1354 umbra
1092 1304 1242 1365 patruoque
1255 1292 1468 1364 spectabilibus,
1492 1308 1542 1351 aro
1558 1295 1640 1351 etiam
1663 1298 1891 1368 prestantissima

249 1397 396 1470 pertundit.
412 1393 571 1466 Huiusmodi
587 1392 704 1449 colorem
725 1391 759 1448 ab
772 1391 883 1447 Oriente
895 1405 946 1461 par
959 1390 1041 1447 silua·
1093 1387 1235 1444 sacerdote
1248 1389 1425 1458 conspicuus,
1446 1389 1625 1445 amicitiarum
1638 1398 1755 1460 tuarum,
1771 1391 1824 1449 uisi
1842 1408 1890 1451 rc·

250 1504 311 1547 rttm
321 1501 422 1545 corona
432 1487 571 1543 continuat
585 1502 592 1539 ι
606 1498 656 1555 per
666 1485 795 1540 Arctoum
809 1483 889 1549 latus,
905 1492 935 1539 ut
948 1481 1042 1553 pelago
1092 1481 1176 1551 spuis,
1191 1480 1345 1538 avidissime
1356 1480 1459 1537 sinibus
1474 1482 1605 1541 infertur:
1617 1492 1645 1539 et
1657 1497 1718 1540 cum
1730 1484 1768 1539 iili
1780 1486 1890 1543 familias

251 1564 356 1648 natura,
372 1579 411 1636 sic
425 1578 547 1648 specles;
559 1593 575 1632 a
589 1575 714 1649 zephyro
728 1575 848 1647 plebeius
859 1585 886 1632 et
898 1575 1043 1631 tumultua-
1092 1571 1229 1643 splendor,
1246 1573 1364 1643 probitas
1379 1588 1500 1642 morum,
1526 1573 1680 1644 patrimonii
1693 1574 1822 1643 iacuitas,
1840 1576 1888 1647 ju·

250 1672 307 1730 tius
320 1671 418 1739 imtes,
434 1669 640 1739 frequenterque
655 1667 803 1724 lemborum
822 1664 1041 1739 superlabentum
1093 1664 1210 1721 tentatis
1226 1664 1365 1737 alacritas,
1381 1666 1408 1721 in
1419 1680 1500 1722 omne
1512 1664 1596 1722 decus
1608 1666 1667 1736 pari
1681 1666 1759 1724 lance
1768 1681 1886 1738 cctrqus·

250 1765 414 1837 ponderibus
437 1764 561 1820 indatus.
578 1763 655 1818 Hunc
676 1761 748 1818 circa
773 1760 868 1817 lubrici
892 1761 1042 1830 scirporum
1092 1757 1191 1824 drent;
1211 1759 1248 1813 ita
1262 1757 1371 1815 demum
1384 1758 1435 1815 sibi
1447 1765 1537 1813 tamen
1550 1757 1688 1814 videbitur
1700 1758 1734 1814 ad
1744 1774 1837 1816 arcem
1849 1759 1886 1816 ia.

252 1857 314 1913 cirri
328 1858 463 1929 plicantur
475 1854 609 1927 simulque
622 1855 735 1927 pingues
746 1853 867 1910 ulvarum
878 1855 980 1925 pagina
995 1869 1043 1911 na·
1094 1853 1275 1925 stigstissimae
1291 1851 1427 1909 felicitatis
1439 1863 1560 1919 evectus,
1574 1851 1597 1908 si
1612 1852 1707 1926 ιιιιῑιι
1721 1861 1775 1909 tum
1787 1852 1885 1909 sodali·

252 1955 326 2013 taut,
346 1947 511 2013 salicumque
530 1945 685 2017 glaucarum
710 1945 767 2001 iota
790 1959 897 2015 semper
919 1946 1043 2004 dulcibus
1057 1939 1081 2001 B
1095 1957 1149 2003 tate
1175 1948 1301 2018 potiatur.
1330 1946 1449 2016 Optantii
1473 1945 1617 2003 clarissimi
1644 1946 1695 2002 riri
1721 1961 1808 2016 nuper
1831 1947 1886 2007 rita

178 2106 182 2113 ,
252 2041 330 2112 aquis
348 2037 509 2094 amaritudo.
523 2038 552 2094 ln
577 2037 666 2094 medio
684 2037 810 2109 prolundi
827 2038 915 2094 brevis
938 2038 1040 2109 insula,
1094 2037 1176 2093 iuncti
1199 2037 1280 2093 iliiam
1295 2037 1378 2109 (qnod
1400 2037 1456 2094 ilco
1479 2046 1655 2108 prosperante
1672 2030 1811 2108 succedat)
1824 2038 1888 2098 licet

251 2131 296 2187 nbi
320 2145 401 2201 supra
424 2129 541 2186 molares
567 2130 726 2185 naturaliter
744 2140 898 2201 aggeratos,
920 2146 968 2201 per
992 2132 1043 2187 im·
1094 2129 1121 2185 itt
1134 2129 1286 2201 coniugium
1295 2131 1412 2200 potierit,
1424 2129 1647 2200 obtinueritquea
1661 2138 1749 2187 matre
1758 2130 1886 2201 pupillam
1935 2167 1938 2170 -

252 2233 391 2294 pactorum
403 2235 501 2294 puncta
516 2237 652 2278 remorum
664 2223 804 2278 navalibus
814 2224 876 2279 trita
886 2224 958 2297 gyris
971 2237 1042 2283 meta
1093 2236 1187 2294 parum
1210 2232 1299 2278 tameo
1320 2230 1444 2278 votorum
1470 2235 1581 2278 suorum
1609 2233 1763 2294 promotum
1790 2233 1887 2281 censet

251 2315 416 2386 protuberat,
433 2313 561 2384 adquam
575 2327 606 2369 se
617 2313 736 2384 iocunda
751 2314 889 2371 ludentum
905 2316 1042 2390 oauiragia
1092 2315 1233 2384 edoctum,
1256 2316 1307 2373 nisi
1327 2328 1467 2372 assensum
1486 2324 1560 2372 tuum
1581 2330 1665 2387 super
1685 2317 1728 2373 bis
1742 2317 1885 2389 omnibus,

250 2408 391 2465 collidunt.
412 2407 478 2463 lisso
503 2407 587 2463 moris
608 2405 669 2463 istic
692 2407 742 2462 luit
767 2408 919 2466 senioribus
943 2410 1042 2466 uostris
1093 2421 1140 2463 seu
1151 2406 1292 2463 sedulitate
1306 2421 1364 2473 stra,
1379 2421 1427 2463 seu
1438 2416 1546 2477 precatu
1569 2417 1669 2465 nostra
1682 2408 1886 2466 intercessionis

251 2508 392 2569 ⁸agonem
408 2498 614 2566 Drepanitanum
630 2496 755 2568 Troianae
773 2501 972 2568 superstitionis
988 2500 1041 2574 Μ
1093 2498 1261 2566 adipiscitur.
1273 2498 1394 2570 Namque
1417 2498 1474 2569 ipse
1491 2507 1618 2570 quantum
1634 2499 1666 2555 ad
1688 2498 1886 2559 institutionem

249 2589 359 2645 imitari.
386 2588 445 2644 lam
461 2602 525 2643 vcro
545 2603 609 2659 ager
625 2587 683 2658 ipsc
704 2590 867 2661 (quanquam
887 2591 938 2648 boc
962 2609 1042 2665 supra
1093 2598 1196 2660 spectat
1211 2590 1305 2660 puellm
1328 2590 1354 2645 in
1373 2589 1426 2662 43
1441 2590 1529 2646 locuto
1545 2589 1644 2647 mortui
1662 2591 1747 2662 patris
1759 2606 1886 2652 curarum

249 2680 397 2753 debitum),
423 2680 535 2735 dtunsua
549 2680 576 2736 in
591 2681 681 2749 silvis,
698 2683 785 2752 pictus
798 2684 824 2738 in
838 2685 941 2755 pratis,
960 2701 1043 2757 peco-
1093 2681 1297 2754 participatione
1316 2682 1456 2753 succedis,
1468 2682 1633 2744 conferendo
1652 2683 1749 2754 rirgiui
1765 2686 1886 2756 parentis

249 2789 329 2831 rosus
347 2776 374 2831 io
395 2776 517 2846 pascuis,
533 2776 562 2830 tu
574 2775 726 2846 pastoribus
741 2776 904 2845 peculiosus.
921 2778 974 2836 Sed
989 2760 1042 2836 non
1093 2773 1227 2840 affectum,
1238 2776 1345 2846 patroni
1358 2776 1557 2845 auctoritatem,
1574 2776 1669 2833 tutoris
1679 2776 1886 2848 ciliciumouo·

249 2868 366 2938 amplius
380 2882 483 2936 moror,
501 2882 550 2934 ne,
566 2868 588 2923 si
603 2866 708 2938 longior
721 2869 793 2941 stylo
812 2871 957 2938 terminus,
974 2872 1043 2929 rele-
1093 2864 1166 2923 circa
1189 2867 1250 2939 quia
1279 2867 1374 2937 dignus
1392 2881 1422 2923 es
1442 2874 1472 2923 ut
1489 2867 1586 2923 domus
1607 2877 1660 2923 turc
1679 2867 1885 2927 celeberrimam

249 2968 356 3034 gentem
376 2968 403 3017 te
422 2971 566 3017 autumnus
580 2961 708 3017 inueniat.
735 2961 851 3020 Proinde
870 2964 935 3020 mibi
956 2967 1043 3023 tribue
1093 2959 1273 3032 disciplinam,
1286 2961 1366 3017 edam
1386 2960 1480 3032 procul
1501 2964 1651 3030 positorum
1665 2969 1738 3033 petat
1756 2961 1885 3033 ambitus,

250 3050 375 3108 veniendi
386 3050 568 3118 celeritatem,
585 3066 645 3107 nam
660 3053 790 3109 redeundi
805 3071 907 3113 moram
923 3057 970 3114 tibi
986 3061 1043 3129 ipse
1093 3051 1163 3107 sicut
1185 3050 1263 3108 decet
1283 3051 1415 3107 bonarum
1429 3052 1546 3122 partium
1563 3052 1647 3120 viros,
1660 3051 1827 3124 benignitate
1840 3067 1886 3110 re-

250 3143 409 3215 pressam:
431 3142 543 3200 ussurus
562 3145 765 3215 antevertam,
788 3148 859 3219 quot
883 3151 1042 3209 orevtsuen
1093 3146 1186 3215 sponsa
1196 3146 1271 3217 prou
1284 3145 1413 3216 supputes
1428 3145 1617 3202 verecundiam
1629 3146 1885 3217 muneraremur

249 3234 301 3291 sibi
323 3233 441 3290 debitam
467 3235 546 3305 panio
568 3235 752 3306 scrupulosior
774 3239 885 3307 epistola
910 3243 1041 3312 esccssit,
1092 3236 1129 3293 ita
1158 3239 1290 3309 expetitus
1316 3237 1429 3294 deberes
1458 3237 1495 3293 illi
1526 3246 1653 3308 expetere
1682 3237 1884 3310 pollicendam,

250 3327 314 3385 dum
328 3335 412 3383 totum
429 3327 501 3382 ruris
514 3327 595 3384 situm
609 3328 724 3385 sollicita
739 3331 861 3399 rimatur,
877 3347 937 3401 quac
951 3345 1039 3392 tamen
1055 3313 1079 3377 C
1094 3343 1204 3385 securus
1228 3329 1356 3400 permitte
1375 3330 1535 3402 promissam
1557 3346 1565 3383 z
1591 3330 1654 3402 quia
1677 3331 1716 3388 sic
1739 3338 1766 3388 te
1789 3329 1885 3386 condi·

249 3418 425 3475 submovendi
446 3418 545 3475 tasttuti
569 3419 658 3476 studio
678 3436 728 3478 nec
754 3432 849 3479 cuncta
871 3427 1038 3496 perstrinxit.
1093 3419 1158 3477 tioni
1182 3420 1244 3477 huic
1270 3422 1430 3478 meritorum
1452 3422 1522 3477 ratio
1545 3422 1686 3494 limitetis
1712 3429 1743 3478 111
1767 3436 1886 3479 1100111·

250 3507 419 3579 Quapropter
432 3510 518 3567 bonus
533 3510 648 3577 arbiter,
664 3520 692 3568 et
709 3514 804 3570 artilex
821 3514 907 3571 lector
920 3533 972 3574 non
992 3535 1040 3590 pa·
1093 3514 1197 3584 perstiti
1213 3514 1340 3586 Optantio
1354 3515 1381 3571 iu
1397 3516 1496 3574 liberos
1509 3531 1571 3573 suos
1583 3516 1703 3574 decuerit
1714 3516 1775 3590 pius
1788 3516 1884 3574 licere.

249 3599 339 3668 ginam
351 3614 412 3671 quat
425 3600 511 3670 spatia
526 3601 666 3674 describit,
681 3603 729 3660 sed
750 3605 840 3661 viliam
851 3624 910 3680 quac
924 3610 1040 3682 spatiosa
1092 3605 1168 3662 Pulc.

249 3688 421 3760 describitur,
434 3692 563 3766 grandem
576 3697 796 3766 pronuntiabunt.
814 3699 886 3758 iaie.
1010 3768 1015 3778 .
1375 3699 1540 3759 aristote
1563 3702 1594 3757 V.

373 3854 378 3859 ι
529 3786 696 3844 epistota
716 3788 760 3844 ΙΙΙ.
1268 3795 1393 3851 Sidotn'ns
1408 3795 1528 3851 Petronio
1538 3813 1585 3851 suo
1594 3796 1712 3852 salutent.

425 3876 548 3933 Sidonius
561 3874 575 3917 b
588 3875 728 3937 Felicitas
742 3882 862 3941 mititem.
1128 3887 1245 3941 loannes
1267 3886 1407 3942 familiaris
1432 3902 1508 3944 mens
1529 3889 1740 3947 inextricabilem
1761 3889 1882 3961 labyrin-

285 3967 396 4026 Gaodco
414 3977 451 4039 te,
469 3970 578 4028 domine
593 3968 881 4046 malor,'amplissimae
903 3980 1041 4048 dignitatis
1092 3977 1591 4050 1111116801111111111ῑιι11015111ΰ111111ι
1616 3989 1644 4037 et
1665 3979 1751 4038 d⁰¹¹⁶⁰
1772 3997 1882 4043 warum
1956 3997 1962 4003 “

174 4089 176 4093 ν
248 4057 346 4116 iolulas
360 4069 546 4119 consecutum.
560 4063 614 4120 Sed
633 4062 661 4120 id
686 4065 752 4122 milti
772 4067 807 4123 ob
828 4068 878 4127 ltoc
893 4072 981 4129 solnm
994 4073 1042 4132 dc·
1092 4070 1187 4126 merita
1201 4070 1363 4139 chartarum,
1378 4072 1419 4129 vai
1430 4084 1519 4129 restra
1532 4073 1654 4142 scientia,
1667 4074 1711 4132 vel
1734 4075 1759 4131 si
1777 4091 1828 4147 qna
1839 4087 1883 4136 est

246 4150 346 4207 stinato
358 4151 501 4209 tabellario
514 4154 666 4210 nuntiatum
682 4171 737 4213 noo
750 4159 838 4214 minus
849 4163 964 4231 gaudeo.
975 4164 1041 4222 Natu
1091 4170 1198 4229 vostra,
1209 4163 1231 4217 si
1247 4172 1334 4219 tameo
1347 4175 1389 4220 cst
1403 4166 1467 4232 ιιΙΙι,
1479 4165 1574 4222 sintiils
1584 4167 1742 4238 inspexerit,
1756 4167 1820 4239 quid
1836 4184 1882 4226 re-

248 4239 565 4312 licetimpsaseutiamm
584 4244 622 4300 sis
637 4246 793 4331 potissimus
813 4253 999 4323 magistratus,
1014 4265 1042 4312 et
1091 4261 1170 4323 spurt
1195 4255 1293 4325 quidve
1314 4265 1388 4327 optet
1410 4257 1524 4330 ignoiat.
1552 4258 1589 4314 lta
1610 4275 1640 4316 so
1660 4260 1776 4332 quodam
1800 4262 1882 4320 modo

248 4328 277 4385 in
292 4328 364 4385 lares
383 4330 567 4403 Philagrianos
582 4335 711 4403 patricius
733 4352 802 4407 apes
824 4342 903 4410 tantis
918 4332 1042 4412 postsaess
1092 4343 1226 4414 bipertitae
1250 4347 1303 4402 litis
1324 4349 1409 4403 iorma
1433 4348 1582 4418 confundit,
1603 4361 1633 4408 ut
1655 4352 1802 4423 propositio
1819 4368 1880 4422 sua,

248 4424 328 4492 culis,
337 4432 381 4481 toa
394 4435 496 4483 tantum
506 4425 633 4486 felicitate
641 4432 814 4487 remeaverit:
825 4433 929 4490 iuvenis
940 4445 1039 4505 tamen,
1091 4451 1171 4507 quens
1183 4437 1297 4494 actionis
1310 4438 1431 4495 ordinem
1447 4450 1656 4513 propugnatura,
1679 4458 1758 4514 quem
1778 4444 1814 4500 sit
1828 4445 1881 4501 inv·

249 4512 291 4570 uir
313 4515 490 4574 amicitiarum
515 4519 738 4589 servantissime,
766 4523 882 4593 qualiter
909 4526 1040 4587 bonorum
1092 4536 1251 4598 pugnatura,
1268 4543 1321 4585 non
1344 4533 1465 4588 noverit.
1488 4531 1541 4589 Pro
1560 4549 1613 4606 quo
1630 4549 1736 4604 precem
1760 4534 1882 4594 sedulam

1912 1084 1919 1133 l

249 4615 355 4666 tuorum
380 4619 484 4666 crescat
511 4612 701 4669 communione
738 4613 893 4695 iastiginm,
925 4634 1040 4693 raroque
1093 4618 1881 4698 inodo,ntperspectiscbartuiissuis,siquidjurecom·

247 4713 348 4770 genere
371 4700 486 4771 exempli
506 4701 673 4760 altitudinem
694 4713 767 4762 tuam
788 4706 938 4766 bumilitate
957 4686 1156 4783 subii-Dpetit
1182 4714 1342 4782 instruatis3
1372 4731 1433 4787 qum
1455 4718 1605 4788 qualiterve
1627 4720 1682 4777 sint
1710 4718 1880 4789 objicienda,

248 4804 316 4848 mas.
332 4789 378 4846 Sic
401 4793 535 4862 quondam
556 4794 590 4863 Q.
612 4793 723 4852 Fabium
742 4798 898 4869 magistrum
919 4802 1037 4872 equitum
1090 4818 1149 4875 quae
1172 4806 1315 4864 rcieiieuda
1334 4816 1524 4866 monstrantes.
1547 4810 1607 4866 Non
1628 4810 1700 4867 cuim
1713 4810 1880 4882 verebimur,

248 4881 390 4940 dictatorio
411 4885 510 4955 rigori,
526 4895 554 4942 ct
578 4887 727 4959 Papiriano
747 4892 881 4963 superbia
899 4893 976 4952 lavor
989 4912 1039 4967 pu·
1094 4896 1165 4967 quod
1189 4912 1280 4955 causae
1297 4899 1375 4956 istius
1394 4915 1499 4970 cursus,
1522 4901 1545 4958 si
1566 4900 1602 4958 de
1624 4903 1707 4960 vestri
1730 4904 1882 4963 manaverit

248 4970 333 5031 biicus
358 4975 485 5045 pratuttt.
511 4976 565 5050 42
589 4979 634 5035 Sic
655 4988 683 5036 ct
704 4979 754 5039 Cn.
779 4982 934 5055 Pompeium
958 5003 1039 5060 super
1089 4988 1162 5046 iontc
1174 4992 1289 5053 consilii.
1310 4994 1364 5051 ulla
1373 4994 1598 5052 contrastantium
1609 4994 1777 5054 derivatione
1787 5006 1882 5055 moue·

177 5074 179 5077 ’
247 5067 359 5125 remulus
373 5068 469 5125 estuiit
492 5086 628 5141 vtunquam
649 5073 768 5131 fastidita
796 5079 970 5148 popularitas.
993 5083 1038 5140 Sic
1090 5090 1143 5138 tur.
1157 5083 1235 5141 Vale.

247 5157 374 5216 iuvidiam
384 5162 554 5221 Tiberianam
565 5166 663 5236 pressit
674 5167 856 5227 universitatis
865 5186 957 5230 amore
970 5174 1038 5231 Ger·
1338 5176 1393 5251 Μ
1402 5176 1566 5236 aristosa
1579 5178 1624 5236 vl.

247 5250 378 5307 monicus.
387 5250 518 5319 Quocirca
533 5255 654 5313 aolosibi
667 5258 701 5314 de
712 5261 882 5319 successibus
897 5265 951 5320 tuis
964 5265 1037 5335 ptin-
1250 5259 1251 5263 ’
1268 5266 1390 5325 Sidonius
1405 5266 1515 5340 Pepnss'o
1527 5286 1573 5325 ιιι
1583 5271 1700 5327 minum.

248 5339 343 5411 cipalis
362 5343 493 5400 mucdcia
518 5346 663 5418 plurimum
683 5350 873 5421 blandientum
896 5370 957 5426 qua
971 5357 1038 5415 uilsil
1125 5360 1333 5418 Proverbialiter
1346 5361 1454 5417 celebre
1474 5369 1519 5417 est
1539 5376 1611 5435 saepe
1625 5378 1728 5421 morsm
1742 5377 1804 5423 csse
1822 5381 1883 5424 me·

283 5489 296 5519 ⁸
311 5479 452 5538 budricam
463 5488 659 5556 naumachiam,
669 5491 872 5563 quaAEneasad
884 5494 1036 5570 Drepanum
1090 5502 1201 5573 tutatur,
1215 5518 1268 5562 non
1283 5513 1325 5563 cst
1338 5504 1503 5573 consulatus,
1519 5505 1642 5578 adquam
1653 5504 1729 5564 Felix
1744 5520 1882 5577 uunquam

247 5553 355 5663 Siclilie,
370 5555 438 5624 patri
452 5558 610 5641 percuravit,
626 5559 660 5615 dc
673 5576 727 5632 qua
742 5563 836 5647 tineid.
849 5580 876 5620 r.
915 5599 921 5611 ·
971 5639 977 5652 ¹
1089 5577 1227 5642 pervcnit;
1251 5576 1299 5631 sed
1318 5576 1487 5647 patriciatus,
1502 5577 1580 5648 cuius
1594 5588 1725 5649 praetcrea
1747 5576 1825 5636 testis
1839 5587 1882 5636 est

310 5622 508 5693 stagoaPeno,
522 5625 609 5699 ilagtn
619 5633 772 5688 exconsulis
786 5634 851 5690 illto.
867 5636 921 5694 ilos
934 5652 1005 5695 eorm
1020 5655 1037 5697 a
1090 5642 1244 5703 Gennadius
1256 5646 1285 5703 ia
1295 5645 1406 5704 Fausto.
1897 5651 1910 5731 l}

248 5693 385 5778 Pisilagrio
398 5694 511 5780 patricio
533 5700 661 5757 oriundos
681 5703 781 5760 diserte
801 5706 894 5789 scribit
907 5707 1036 5779 Propcm·
1127 5716 1215 5773 sl'nlt
1231 5726 1319 5774 tamen
1334 5726 1424 5788 postea
1444 5719 1571 5790 patricius
1584 5727 1611 5777 et
1627 5714 1642 5775 i¹
1668 5719 1835 5785 esidonius,
1849 5726 1881 5776 ut
1976 5746 1980 5755 ·

249 5774 331 5832 P¹¹0⁰s
355 5774 384 5821 ut
400 5766 509 5849 ditium
524 5773 792 5854 quoquatlugustum
817 5792 844 5832 tn
864 5781 1034 5852 panegyrico.
1090 5793 1162 5854 patet
1174 5802 1207 5843 ex
1219 5789 1299 5858 epist.
1317 5788 1350 5845 tu
1362 5787 1396 5843 ad
1408 5788 1599 5858 Papianillam,
1615 5790 1634 5846 li
1654 5830 1662 5847 .
1684 5807 1712 5860 v,
1733 5802 1762 5851 et
1776 5806 1811 5852 ex
1824 5790 1880 5861 ilc*
1898 5726 1909 5803 Ι

249 5833 1036 5999 psaffo{estfffs'bcs‘q'tl‘l‘s'gnrr'tamprrtnr'ssedmmmm:icldsscrz'
1089 5859 1168 5917 metti
1180 5859 1320 5923 claudiani
1331 5858 1494 5919 dedicatoria
1506 5859 1542 5921 ad
1551 5861 1701 5923 sidonium.
