<?xml version="1.0" encoding="UTF-8"?>
<!DOCTYPE html PUBLIC "-//W3C//DTD XHTML 1.0 Transitional//EN"
    "http://www.w3.org/TR/xhtml1/DTD/xhtml1-transitional.dtd">
<html xmlns="http://www.w3.org/1999/xhtml" xml:lang="en" lang="en">
 <head>
  <title>
</title>
<meta http-equiv="Content-Type" content="text/html;charset=utf-8" />
  <meta name='ocr-system' content='tesseract 3.04.00' />
  <meta name='ocr-capabilities' content='ocr_page ocr_carea ocr_par ocr_line ocrx_word'/>
</head>
<body>
  <div class='ocr_page' id='page_1' title='image "./patrologiaecurs224unkngoog/patrologiaecurs224unkngoog_0332.png"; bbox 0 0 4080 6348; ppageno 0'>
   <div class='ocr_carea' id='block_1_1' title="bbox 158 403 1789 477">
    <p class='ocr_par' dir='ltr' id='par_1_1' title="bbox 158 403 1789 477">
     <span class='ocr_line' id='line_1_1' title="bbox 158 403 1789 477; baseline 0.007 -11"><span class='ocrx_word' id='word_1_1' title='bbox 158 403 231 467; x_wconf 72' lang='lat' dir='ltr'><strong>liud</strong></span> <span class='ocrx_word' id='word_1_2' title='bbox 758 405 998 469; x_wconf 81' lang='lat' dir='ltr'><strong>outsuouslttiu</strong></span> <span class='ocrx_word' id='word_1_3' title='bbox 1018 409 1083 467; x_wconf 80' lang='lat' dir='ltr'><strong>lili.</strong></span> <span class='ocrx_word' id='word_1_4' title='bbox 1104 410 1169 467; x_wconf 83' lang='lat' dir='ltr'><strong>itti.</strong></span> <span class='ocrx_word' id='word_1_5' title='bbox 1734 417 1789 477; x_wconf 81' lang='lat' dir='ltr'><strong>dot</strong></span> 
     </span>
    </p>
   </div>
   <div class='ocr_carea' id='block_1_2' title="bbox 155 518 1789 965">
    <p class='ocr_par' dir='ltr' id='par_1_2' title="bbox 155 518 1789 965">
     <span class='ocr_line' id='line_1_2' title="bbox 157 518 1789 596; baseline 0.003 -17"><span class='ocrx_word' id='word_1_6' title='bbox 157 518 242 579; x_wconf 88' lang='lat' dir='ltr'><strong>nando</strong></span> <span class='ocrx_word' id='word_1_7' title='bbox 256 525 361 589; x_wconf 87' lang='lat' dir='ltr'><strong>tempus</strong></span> <span class='ocrx_word' id='word_1_8' title='bbox 373 526 416 576; x_wconf 90' lang='lat' dir='ltr'><strong>est</strong></span> <span class='ocrx_word' id='word_1_9' title='bbox 426 518 493 577; x_wconf 84' lang='lat' dir='ltr'><strong>scria</strong></span> <span class='ocrx_word' id='word_1_10' title='bbox 507 519 570 591; x_wconf 88' lang='lat' dir='ltr'><strong>legi,</strong></span> <span class='ocrx_word' id='word_1_11' title='bbox 586 520 656 576; x_wconf 85' lang='lat' dir='ltr'><strong>seria</strong></span> <span class='ocrx_word' id='word_1_12' title='bbox 675 518 768 585; x_wconf 88' lang='lat' dir='ltr'><strong>scribi,</strong></span> <span class='ocrx_word' id='word_1_13' title='bbox 784 519 870 591; x_wconf 89' lang='lat' dir='ltr'><strong>deque</strong></span> <span class='ocrx_word' id='word_1_14' title='bbox 884 535 945 592; x_wconf 89' lang='lat' dir='ltr'><strong>per·</strong></span> <span class='ocrx_word' id='word_1_15' title='bbox 957 524 983 583; x_wconf 83' lang='grc' dir='ltr'><strong>Α</strong></span> <span class='ocrx_word' id='word_1_16' title='bbox 996 520 1079 592; x_wconf 89' lang='lat' dir='ltr'><strong>gioria</strong></span> <span class='ocrx_word' id='word_1_17' title='bbox 1091 520 1234 592; x_wconf 86' lang='lat' dir='ltr'><strong>equipari;</strong></span> <span class='ocrx_word' id='word_1_18' title='bbox 1248 521 1319 581; x_wconf 89' lang='lat' dir='ltr'><strong>idem</strong></span> <span class='ocrx_word' id='word_1_19' title='bbox 1331 532 1420 581; x_wconf 89' lang='lat' dir='ltr'><strong>tamen</strong></span> <span class='ocrx_word' id='word_1_20' title='bbox 1440 539 1576 596; x_wconf 89' lang='lat' dir='ltr'><strong>uunquam</strong></span> <span class='ocrx_word' id='word_1_21' title='bbox 1589 540 1619 584; x_wconf 91' lang='lat' dir='ltr'><strong>se</strong></span> <span class='ocrx_word' id='word_1_22' title='bbox 1631 528 1697 585; x_wconf 89' lang='lat' dir='ltr'><strong>satis</strong></span> <span class='ocrx_word' id='word_1_23' title='bbox 1710 526 1789 584; x_wconf 84' lang='lat' dir='ltr'><strong>duait</strong></span> 
     </span>
     <span class='ocr_line' id='line_1_3' title="bbox 157 608 1787 691; baseline 0.006 -24"><span class='ocrx_word' id='word_1_24' title='bbox 157 608 305 687; x_wconf 87' lang='lat' dir='ltr'><strong>petnarlta</strong></span> <span class='ocrx_word' id='word_1_25' title='bbox 316 609 494 682; x_wconf 90' lang='lat' dir='ltr'><strong>potiusquam</strong></span> <span class='ocrx_word' id='word_1_26' title='bbox 505 610 635 667; x_wconf 88' lang='lat' dir='ltr'><strong>memoria</strong></span> <span class='ocrx_word' id='word_1_27' title='bbox 646 610 770 682; x_wconf 89' lang='lat' dir='ltr'><strong>cogitari,</strong></span> <span class='ocrx_word' id='word_1_28' title='bbox 784 610 948 682; x_wconf 87' lang='lat' dir='ltr'><strong>nimiumque</strong></span> <span class='ocrx_word' id='word_1_29' title='bbox 1001 611 1028 668; x_wconf 90' lang='lat' dir='ltr'><strong>in</strong></span> <span class='ocrx_word' id='word_1_30' title='bbox 1043 610 1181 683; x_wconf 87' lang='lat' dir='ltr'><strong>utriusque</strong></span> <span class='ocrx_word' id='word_1_31' title='bbox 1201 613 1268 669; x_wconf 90' lang='lat' dir='ltr'><strong>artis</strong></span> <span class='ocrx_word' id='word_1_32' title='bbox 1288 628 1350 672; x_wconf 87' lang='lat' dir='ltr'><strong>aree</strong></span> <span class='ocrx_word' id='word_1_33' title='bbox 1363 617 1553 687; x_wconf 88' lang='lat' dir='ltr'><strong>compositum,</strong></span> <span class='ocrx_word' id='word_1_34' title='bbox 1566 618 1718 691; x_wconf 87' lang='lat' dir='ltr'><strong>prinsquam</strong></span> <span class='ocrx_word' id='word_1_35' title='bbox 1739 633 1787 675; x_wconf 91' lang='lat' dir='ltr'><strong>ve·</strong></span> 
     </span>
     <span class='ocr_line' id='line_1_4' title="bbox 157 703 1786 776; baseline 0.004 -15"><span class='ocrx_word' id='word_1_36' title='bbox 157 705 325 775; x_wconf 72' lang='lat' dir='ltr'>meminisse,</span> <span class='ocrx_word' id='word_1_37' title='bbox 341 713 433 762; x_wconf 90' lang='lat' dir='ltr'><strong>nostra</strong></span> <span class='ocrx_word' id='word_1_38' title='bbox 456 712 517 774; x_wconf 87' lang='lat' dir='ltr'><strong>post</strong></span> <span class='ocrx_word' id='word_1_39' title='bbox 541 714 654 760; x_wconf 86' lang='lat' dir='ltr'><strong>nrortem</strong></span> <span class='ocrx_word' id='word_1_40' title='bbox 669 720 723 761; x_wconf 89' lang='lat' dir='ltr'><strong>non</strong></span> <span class='ocrx_word' id='word_1_41' title='bbox 736 704 876 776; x_wconf 86' lang='lat' dir='ltr'><strong>opuscula,</strong></span> <span class='ocrx_word' id='word_1_42' title='bbox 899 704 947 761; x_wconf 89' lang='lat' dir='ltr'><strong>sed</strong></span> <span class='ocrx_word' id='word_1_43' title='bbox 999 703 1048 759; x_wconf 90' lang='lat' dir='ltr'><strong>stri</strong></span> <span class='ocrx_word' id='word_1_44' title='bbox 1063 703 1201 773; x_wconf 71' lang='lat' dir='ltr'><strong>Arpinatis</strong></span> <span class='ocrx_word' id='word_1_45' title='bbox 1213 704 1370 763; x_wconf 89' lang='lat' dir='ltr'><strong>testimonio</strong></span> <span class='ocrx_word' id='word_1_46' title='bbox 1382 708 1487 764; x_wconf 76' lang='lat' dir='ltr'><strong>ceteris</strong></span> <span class='ocrx_word' id='word_1_47' title='bbox 1501 708 1659 767; x_wconf 73' lang='lat' dir='ltr'><strong>mortalibus</strong></span> <span class='ocrx_word' id='word_1_48' title='bbox 1670 710 1786 769; x_wconf 88' lang='lat' dir='ltr'><strong>anteier-</strong></span> 
     </span>
     <span class='ocr_line' id='line_1_5' title="bbox 155 793 1786 873; baseline 0.003 -20"><span class='ocrx_word' id='word_1_49' title='bbox 155 811 245 872; x_wconf 90' lang='lat' dir='ltr'><strong>opera</strong></span> <span class='ocrx_word' id='word_1_50' title='bbox 263 794 409 868; x_wconf 75' lang='lat' dir='ltr'><strong>pensanda.</strong></span> <span class='ocrx_word' id='word_1_51' title='bbox 425 794 490 865; x_wconf 68' lang='grc' dir='ltr'><strong>Ωιι</strong></span> <span class='ocrx_word' id='word_1_52' title='bbox 512 795 620 866; x_wconf 92' lang='lat' dir='ltr'><strong>quidem</strong></span> <span class='ocrx_word' id='word_1_53' title='bbox 644 795 676 850; x_wconf 91' lang='lat' dir='ltr'><strong>ad</strong></span> <span class='ocrx_word' id='word_1_54' title='bbox 701 810 821 866; x_wconf 78' lang='lat' dir='ltr'><strong>presens</strong></span> <span class='ocrx_word' id='word_1_55' title='bbox 844 795 949 852; x_wconf 90' lang='lat' dir='ltr'><strong>nonita</strong></span> <span class='ocrx_word' id='word_1_56' title='bbox 1000 801 1083 850; x_wconf 87' lang='lat' dir='ltr'><strong>retur.</strong></span> <span class='ocrx_word' id='word_1_57' title='bbox 1099 793 1176 863; x_wconf 80' lang='lat' dir='ltr'><strong>Quod</strong></span> <span class='ocrx_word' id='word_1_58' title='bbox 1197 794 1264 851; x_wconf 87' lang='lat' dir='ltr'><strong>mibi</strong></span> <span class='ocrx_word' id='word_1_59' title='bbox 1284 810 1402 868; x_wconf 89' lang='lat' dir='ltr'><strong>quoque,</strong></span> <span class='ocrx_word' id='word_1_60' title='bbox 1415 798 1439 854; x_wconf 89' lang='lat' dir='ltr'><strong>si</strong></span> <span class='ocrx_word' id='word_1_61' title='bbox 1456 813 1538 870; x_wconf 88' lang='lat' dir='ltr'><strong>parva</strong></span> <span class='ocrx_word' id='word_1_62' title='bbox 1558 800 1661 872; x_wconf 88' lang='lat' dir='ltr'><strong>maguis</strong></span> <span class='ocrx_word' id='word_1_63' title='bbox 1675 815 1786 873; x_wconf 91' lang='lat' dir='ltr'><strong>compo·</strong></span> 
     </span>
     <span class='ocr_line' id='line_1_6' title="bbox 157 885 1786 965; baseline 0.001 -17"><span class='ocrx_word' id='word_1_64' title='bbox 157 892 267 963; x_wconf 90' lang='lat' dir='ltr'><strong>loquor,</strong></span> <span class='ocrx_word' id='word_1_65' title='bbox 280 888 357 961; x_wconf 84' lang='lat' dir='ltr'><strong>quasi</strong></span> <span class='ocrx_word' id='word_1_66' title='bbox 367 896 395 944; x_wconf 94' lang='lat' dir='ltr'><strong>tu</strong></span> <span class='ocrx_word' id='word_1_67' title='bbox 407 901 461 943; x_wconf 91' lang='lat' dir='ltr'><strong>non</strong></span> <span class='ocrx_word' id='word_1_68' title='bbox 474 896 586 957; x_wconf 88' lang='lat' dir='ltr'><strong>utraque</strong></span> <span class='ocrx_word' id='word_1_69' title='bbox 599 886 731 943; x_wconf 89' lang='lat' dir='ltr'><strong>laudanda</strong></span> <span class='ocrx_word' id='word_1_70' title='bbox 745 886 951 943; x_wconf 76' lang='lat' dir='ltr'><strong>condoluerant</strong></span> <span class='ocrx_word' id='word_1_71' title='bbox 1001 901 1065 943; x_wconf 91' lang='lat' dir='ltr'><strong>ncre</strong></span> <span class='ocrx_word' id='word_1_72' title='bbox 1088 885 1161 955; x_wconf 90' lang='lat' dir='ltr'><strong>licet,</strong></span> <span class='ocrx_word' id='word_1_73' title='bbox 1182 886 1328 945; x_wconf 75' lang='lat' dir='ltr'><strong>meandum</strong></span> <span class='ocrx_word' id='word_1_74' title='bbox 1349 887 1487 945; x_wconf 88' lang='lat' dir='ltr'><strong>modulum</strong></span> <span class='ocrx_word' id='word_1_75' title='bbox 1509 906 1609 960; x_wconf 91' lang='lat' dir='ltr'><strong>meum,</strong></span> <span class='ocrx_word' id='word_1_76' title='bbox 1633 907 1786 965; x_wconf 85' lang='lat' dir='ltr'><strong>quanquam</strong></span> 
     </span>
    </p>
   </div>
   <div class='ocr_carea' id='block_1_3' title="bbox 156 976 1905 1054">
    <p class='ocr_par' dir='ltr' id='par_1_3' title="bbox 156 976 1905 1054">
     <span class='ocr_line' id='line_1_7' title="bbox 156 976 1905 1054; baseline 0.001 -14"><span class='ocrx_word' id='word_1_77' title='bbox 156 983 183 1040; x_wconf 88' lang='lat' dir='ltr'><strong>si</strong></span> <span class='ocrx_word' id='word_1_78' title='bbox 197 980 284 1041; x_wconf 85' lang='lat' dir='ltr'><strong>adbuc</strong></span> <span class='ocrx_word' id='word_1_79' title='bbox 297 981 377 1037; x_wconf 87' lang='lat' dir='ltr'><strong>durat</strong></span> <span class='ocrx_word' id='word_1_80' title='bbox 389 978 417 1035; x_wconf 92' lang='lat' dir='ltr'><strong>iu</strong></span> <span class='ocrx_word' id='word_1_81' title='bbox 441 992 565 1034; x_wconf 78' lang='lat' dir='ltr'><strong>sermone</strong></span> <span class='ocrx_word' id='word_1_82' title='bbox 577 977 679 1046; x_wconf 82' lang='lat' dir='ltr'><strong>letitia,</strong></span> <span class='ocrx_word' id='word_1_83' title='bbox 707 993 760 1033; x_wconf 92' lang='lat' dir='ltr'><strong>non</strong></span> <span class='ocrx_word' id='word_1_84' title='bbox 782 978 950 1035; x_wconf 71' lang='lat' dir='ltr'><strong>custodiatur</strong></span> <span class='ocrx_word' id='word_1_85' title='bbox 1000 976 1190 1048; x_wconf 90' lang='lat' dir='ltr'><strong>dissimillimo,</strong></span> <span class='ocrx_word' id='word_1_86' title='bbox 1205 979 1458 1037; x_wconf 89' lang='lat' dir='ltr'><strong>similiteracccssit.</strong></span> <span class='ocrx_word' id='word_1_87' title='bbox 1470 981 1535 1049; x_wconf 72' lang='lat' dir='ltr'><strong>Qun</strong></span> <span class='ocrx_word' id='word_1_88' title='bbox 1547 998 1628 1054; x_wconf 89' lang='lat' dir='ltr'><strong>super</strong></span> <span class='ocrx_word' id='word_1_89' title='bbox 1637 993 1747 1041; x_wconf 89' lang='lat' dir='ltr'><strong>cunctos</strong></span> <span class='ocrx_word' id='word_1_90' title='bbox 1757 992 1785 1042; x_wconf 89' lang='lat' dir='ltr'><strong>te</strong></span> <span class='ocrx_word' id='word_1_91' title='bbox 1903 1007 1905 1011; x_wconf 21' lang='grc' dir='ltr'>ι</span> 
     </span>
    </p>
   </div>
   <div class='ocr_carea' id='block_1_4' title="bbox 156 1070 1788 2171">
    <p class='ocr_par' dir='ltr' id='par_1_4' title="bbox 156 1070 1787 2076">
     <span class='ocr_line' id='line_1_8' title="bbox 156 1070 1784 1146; baseline 0 -12"><span class='ocrx_word' id='word_1_92' title='bbox 156 1077 188 1135; x_wconf 92' lang='lat' dir='ltr'><strong>in</strong></span> <span class='ocrx_word' id='word_1_93' title='bbox 206 1075 434 1132; x_wconf 79' lang='lat' dir='ltr'><strong>aedoneuensura</strong></span> <span class='ocrx_word' id='word_1_94' title='bbox 450 1072 518 1128; x_wconf 85' lang='lat' dir='ltr'><strong>:sed</strong></span> <span class='ocrx_word' id='word_1_95' title='bbox 533 1080 563 1128; x_wconf 90' lang='lat' dir='ltr'><strong>ut</strong></span> <span class='ocrx_word' id='word_1_96' title='bbox 575 1072 622 1144; x_wconf 90' lang='lat' dir='ltr'><strong>qui</strong></span> <span class='ocrx_word' id='word_1_97' title='bbox 635 1070 744 1129; x_wconf 85' lang='lat' dir='ltr'><strong>Christo</strong></span> <span class='ocrx_word' id='word_1_98' title='bbox 759 1071 867 1130; x_wconf 82' lang='lat' dir='ltr'><strong>invente</strong></span> <span class='ocrx_word' id='word_1_99' title='bbox 879 1074 949 1131; x_wconf 92' lang='lat' dir='ltr'><strong>clam</strong></span> <span class='ocrx_word' id='word_1_100' title='bbox 1000 1073 1196 1144; x_wconf 78' lang='lat' dir='ltr'><strong>quamprimum</strong></span> <span class='ocrx_word' id='word_1_101' title='bbox 1218 1073 1307 1130; x_wconf 89' lang='lat' dir='ltr'><strong>decuit</strong></span> <span class='ocrx_word' id='word_1_102' title='bbox 1324 1088 1480 1145; x_wconf 87' lang='lat' dir='ltr'><strong>agnoscere,</strong></span> <span class='ocrx_word' id='word_1_103' title='bbox 1506 1076 1567 1146; x_wconf 91' lang='lat' dir='ltr'><strong>quia</strong></span> <span class='ocrx_word' id='word_1_104' title='bbox 1595 1076 1642 1133; x_wconf 89' lang='lat' dir='ltr'><strong>tibi</strong></span> <span class='ocrx_word' id='word_1_105' title='bbox 1667 1085 1709 1134; x_wconf 93' lang='lat' dir='ltr'><strong>est</strong></span> <span class='ocrx_word' id='word_1_106' title='bbox 1729 1086 1784 1134; x_wconf 90' lang='lat' dir='ltr'><strong>tam</strong></span> 
     </span>
     <span class='ocr_line' id='line_1_9' title="bbox 156 1164 1786 1237; baseline -0.001 -11"><span class='ocrx_word' id='word_1_107' title='bbox 156 1174 270 1226; x_wconf 82' lang='lat' dir='ltr'><strong>sancum</strong></span> <span class='ocrx_word' id='word_1_108' title='bbox 285 1180 327 1234; x_wconf 90' lang='lat' dir='ltr'><strong>es,</strong></span> <span class='ocrx_word' id='word_1_109' title='bbox 339 1165 395 1236; x_wconf 82' lang='lat' dir='ltr'><strong>jam</strong></span> <span class='ocrx_word' id='word_1_110' title='bbox 418 1164 499 1237; x_wconf 74' lang='lat'><strong>218</strong></span> <span class='ocrx_word' id='word_1_111' title='bbox 520 1165 606 1234; x_wconf 92' lang='lat' dir='ltr'><strong>palam</strong></span> <span class='ocrx_word' id='word_1_112' title='bbox 629 1164 755 1235; x_wconf 89' lang='lat' dir='ltr'><strong>religiosa</strong></span> <span class='ocrx_word' id='word_1_113' title='bbox 780 1165 949 1223; x_wconf 79' lang='lat' dir='ltr'><strong>venerandus</strong></span> <span class='ocrx_word' id='word_1_114' title='bbox 999 1164 1083 1235; x_wconf 86' lang='lat' dir='ltr'><strong>gioria</strong></span> <span class='ocrx_word' id='word_1_115' title='bbox 1098 1180 1157 1221; x_wconf 89' lang='lat' dir='ltr'><strong>mea</strong></span> <span class='ocrx_word' id='word_1_116' title='bbox 1171 1179 1251 1237; x_wconf 91' lang='lat' dir='ltr'><strong>quam</strong></span> <span class='ocrx_word' id='word_1_117' title='bbox 1266 1165 1425 1222; x_wconf 88' lang='lat' dir='ltr'><strong>verecundia</strong></span> <span class='ocrx_word' id='word_1_118' title='bbox 1440 1165 1583 1237; x_wconf 86' lang='lat' dir='ltr'><strong>plurimum</strong></span> <span class='ocrx_word' id='word_1_119' title='bbox 1599 1182 1681 1224; x_wconf 82' lang='lat' dir='ltr'><strong>curm.</strong></span> <span class='ocrx_word' id='word_1_120' title='bbox 1698 1168 1786 1225; x_wconf 65' lang='lat' dir='ltr'><strong>ltlila-</strong></span> 
     </span>
     <span class='ocr_line' id='line_1_10' title="bbox 157 1254 1786 1333; baseline 0.001 -18"><span class='ocrx_word' id='word_1_121' title='bbox 157 1260 225 1333; x_wconf 76' lang='lat' dir='ltr'><strong>jugo</strong></span> <span class='ocrx_word' id='word_1_122' title='bbox 234 1257 336 1314; x_wconf 86' lang='lat' dir='ltr'><strong>salubri</strong></span> <span class='ocrx_word' id='word_1_123' title='bbox 348 1255 416 1312; x_wconf 90' lang='lat' dir='ltr'><strong>colla</strong></span> <span class='ocrx_word' id='word_1_124' title='bbox 431 1256 531 1325; x_wconf 88' lang='lat' dir='ltr'><strong>pariter</strong></span> <span class='ocrx_word' id='word_1_125' title='bbox 543 1264 570 1311; x_wconf 90' lang='lat' dir='ltr'><strong>et</strong></span> <span class='ocrx_word' id='word_1_126' title='bbox 583 1255 664 1312; x_wconf 89' lang='lat' dir='ltr'><strong>corda</strong></span> <span class='ocrx_word' id='word_1_127' title='bbox 677 1254 793 1314; x_wconf 88' lang='lat' dir='ltr'><strong>subdare</strong></span> <span class='ocrx_word' id='word_1_128' title='bbox 807 1274 814 1312; x_wconf 84' lang='grc' dir='ltr'><strong>ι</strong></span> <span class='ocrx_word' id='word_1_129' title='bbox 830 1256 950 1329; x_wconf 77' lang='lat' dir='ltr'><strong>invigilet</strong></span> <span class='ocrx_word' id='word_1_130' title='bbox 999 1254 1059 1311; x_wconf 86' lang='lat' dir='ltr'><strong>rius</strong></span> <span class='ocrx_word' id='word_1_131' title='bbox 1072 1254 1200 1323; x_wconf 86' lang='lat' dir='ltr'><strong>liicetius,</strong></span> <span class='ocrx_word' id='word_1_132' title='bbox 1215 1256 1257 1312; x_wconf 88' lang='lat' dir='ltr'><strong>vir</strong></span> <span class='ocrx_word' id='word_1_133' title='bbox 1266 1263 1326 1312; x_wconf 92' lang='lat' dir='ltr'><strong>ortu</strong></span> <span class='ocrx_word' id='word_1_134' title='bbox 1337 1256 1514 1324; x_wconf 88' lang='lat' dir='ltr'><strong>clarissimus,</strong></span> <span class='ocrx_word' id='word_1_135' title='bbox 1527 1259 1667 1331; x_wconf 87' lang='lat' dir='ltr'><strong>privilegio</strong></span> <span class='ocrx_word' id='word_1_136' title='bbox 1680 1270 1786 1331; x_wconf 91' lang='lat' dir='ltr'><strong>specta-</strong></span> 
     </span>
     <span class='ocr_line' id='line_1_11' title="bbox 158 1335 1786 1440; baseline 0 -25"><span class='ocrx_word' id='word_1_137' title='bbox 158 1356 316 1415; x_wconf 79' lang='lat' dir='ltr'><strong>eualestibus</strong></span> <span class='ocrx_word' id='word_1_138' title='bbox 328 1335 420 1425; x_wconf 80' lang='lat' dir='ltr'><strong>lingua</strong></span> <span class='ocrx_word' id='word_1_139' title='bbox 429 1351 579 1424; x_wconf 80' lang='lat' dir='ltr'><strong>preconiis,</strong></span> <span class='ocrx_word' id='word_1_140' title='bbox 591 1352 681 1408; x_wconf 90' lang='lat' dir='ltr'><strong>anima</strong></span> <span class='ocrx_word' id='word_1_141' title='bbox 692 1353 843 1421; x_wconf 83' lang='lat' dir='ltr'><strong>setrtentiis,</strong></span> <span class='ocrx_word' id='word_1_142' title='bbox 856 1354 948 1410; x_wconf 85' lang='lat' dir='ltr'><strong>dextra</strong></span> <span class='ocrx_word' id='word_1_143' title='bbox 999 1345 1073 1412; x_wconf 81' lang='lat' dir='ltr'><strong>bilis,</strong></span> <span class='ocrx_word' id='word_1_144' title='bbox 1096 1348 1191 1404; x_wconf 67' lang='lat' dir='ltr'><strong>mettio</strong></span> <span class='ocrx_word' id='word_1_145' title='bbox 1215 1347 1338 1416; x_wconf 57' lang='lat' dir='ltr'><strong>illustrib</strong></span> <span class='ocrx_word' id='word_1_146' title='bbox 1360 1356 1389 1406; x_wconf 77' lang='grc' dir='ltr'><strong>θῑ</strong></span> <span class='ocrx_word' id='word_1_147' title='bbox 1409 1348 1546 1407; x_wconf 65' lang='lat' dir='ltr'><strong>himinum</strong></span> <span class='ocrx_word' id='word_1_148' title='bbox 1563 1352 1659 1424; x_wconf 64' lang='lat' dir='ltr'><strong>mitio</strong></span> <span class='ocrx_word' id='word_1_149' title='bbox 1678 1361 1786 1440; x_wconf 58' lang='lat' dir='ltr'><strong>glutitio</strong></span> 
     </span>
     <span class='ocr_line' id='line_1_12' title="bbox 158 1438 1786 1518; baseline -0.002 -13"><span class='ocrx_word' id='word_1_150' title='bbox 158 1446 291 1513; x_wconf 87' lang='lat' dir='ltr'><strong>donariis,</strong></span> <span class='ocrx_word' id='word_1_151' title='bbox 304 1443 438 1518; x_wconf 80' lang='lat' dir='ltr'><strong>praecipue</strong></span> <span class='ocrx_word' id='word_1_152' title='bbox 447 1452 534 1499; x_wconf 77' lang='lat' dir='ltr'><strong>emen</strong></span> <span class='ocrx_word' id='word_1_153' title='bbox 545 1443 640 1501; x_wconf 83' lang='lat' dir='ltr'><strong>dextra</strong></span> <span class='ocrx_word' id='word_1_154' title='bbox 654 1444 788 1512; x_wconf 90' lang='lat' dir='ltr'><strong>donariis;</strong></span> <span class='ocrx_word' id='word_1_155' title='bbox 801 1445 861 1516; x_wconf 90' lang='lat' dir='ltr'><strong>quia</strong></span> <span class='ocrx_word' id='word_1_156' title='bbox 872 1445 949 1516; x_wconf 89' lang='lat' dir='ltr'><strong>quid·</strong></span> <span class='ocrx_word' id='word_1_157' title='bbox 1000 1438 1140 1508; x_wconf 87' lang='lat' dir='ltr'><strong>prudentia</strong></span> <span class='ocrx_word' id='word_1_158' title='bbox 1152 1439 1383 1512; x_wconf 75' lang='lat' dir='ltr'><strong>peritiaqueiuxta</strong></span> <span class='ocrx_word' id='word_1_159' title='bbox 1396 1441 1538 1511; x_wconf 84' lang='lat' dir='ltr'><strong>maximus,</strong></span> <span class='ocrx_word' id='word_1_160' title='bbox 1548 1444 1691 1513; x_wconf 80' lang='lat' dir='ltr'><strong>preconio,</strong></span> <span class='ocrx_word' id='word_1_161' title='bbox 1700 1459 1786 1516; x_wconf 90' lang='lat' dir='ltr'><strong>qnan-</strong></span> 
     </span>
     <span class='ocr_line' id='line_1_13' title="bbox 158 1531 1785 1615; baseline -0.003 -17"><span class='ocrx_word' id='word_1_162' title='bbox 158 1541 226 1615; x_wconf 90' lang='lat' dir='ltr'><strong>quid</strong></span> <span class='ocrx_word' id='word_1_163' title='bbox 237 1538 357 1598; x_wconf 89' lang='lat' dir='ltr'><strong>ecclesiis</strong></span> <span class='ocrx_word' id='word_1_164' title='bbox 367 1538 481 1611; x_wconf 85' lang='lat' dir='ltr'><strong>spargit,</strong></span> <span class='ocrx_word' id='word_1_165' title='bbox 497 1537 543 1593; x_wconf 85' lang='lat' dir='ltr'><strong>tibi</strong></span> <span class='ocrx_word' id='word_1_166' title='bbox 559 1537 664 1608; x_wconf 74' lang='lat' dir='ltr'><strong>colligis</strong></span> <span class='ocrx_word' id='word_1_167' title='bbox 678 1553 686 1594; x_wconf 77' lang='grc' dir='ltr'><strong>ι</strong></span> <span class='ocrx_word' id='word_1_168' title='bbox 700 1538 732 1593; x_wconf 91' lang='lat' dir='ltr'><strong>ad</strong></span> <span class='ocrx_word' id='word_1_169' title='bbox 747 1536 824 1607; x_wconf 87' lang='lat' dir='ltr'><strong>cujus</strong></span> <span class='ocrx_word' id='word_1_170' title='bbox 837 1536 949 1594; x_wconf 84' lang='lat' dir='ltr'><strong>exerci-</strong></span> <span class='ocrx_word' id='word_1_171' title='bbox 1000 1538 1055 1595; x_wconf 80' lang='lat' dir='ltr'><strong>iout</strong></span> <span class='ocrx_word' id='word_1_172' title='bbox 1069 1532 1198 1602; x_wconf 76' lang='lat' dir='ltr'><strong>compoti,</strong></span> <span class='ocrx_word' id='word_1_173' title='bbox 1211 1531 1344 1588; x_wconf 80' lang='lat' dir='ltr'><strong>immooto</strong></span> <span class='ocrx_word' id='word_1_174' title='bbox 1358 1533 1498 1604; x_wconf 83' lang='lat' dir='ltr'><strong>praesentis</strong></span> <span class='ocrx_word' id='word_1_175' title='bbox 1508 1535 1628 1606; x_wconf 77' lang='lat' dir='ltr'><strong>opusculi</strong></span> <span class='ocrx_word' id='word_1_176' title='bbox 1650 1535 1785 1593; x_wconf 88' lang='lat' dir='ltr'><strong>volumina</strong></span> 
     </span>
     <span class='ocr_line' id='line_1_14' title="bbox 160 1623 1782 1705; baseline -0.006 -13"><span class='ocrx_word' id='word_1_177' title='bbox 160 1636 199 1692; x_wconf 88' lang='lat' dir='ltr'><strong>tia</strong></span> <span class='ocrx_word' id='word_1_178' title='bbox 218 1633 325 1691; x_wconf 83' lang='lat' dir='ltr'><strong>uirtutis</strong></span> <span class='ocrx_word' id='word_1_179' title='bbox 346 1630 412 1688; x_wconf 87' lang='lat' dir='ltr'><strong>illud</strong></span> <span class='ocrx_word' id='word_1_180' title='bbox 431 1629 475 1687; x_wconf 92' lang='lat' dir='ltr'><strong>vel</strong></span> <span class='ocrx_word' id='word_1_181' title='bbox 490 1629 674 1700; x_wconf 85' lang='lat' dir='ltr'><strong>principaliter</strong></span> <span class='ocrx_word' id='word_1_182' title='bbox 688 1638 714 1685; x_wconf 92' lang='lat' dir='ltr'><strong>te</strong></span> <span class='ocrx_word' id='word_1_183' title='bbox 737 1630 834 1700; x_wconf 89' lang='lat' dir='ltr'><strong>poterit</strong></span> <span class='ocrx_word' id='word_1_184' title='bbox 855 1632 949 1686; x_wconf 86' lang='lat' dir='ltr'><strong>accen·</strong></span> <span class='ocrx_word' id='word_1_185' title='bbox 1000 1623 1117 1693; x_wconf 84' lang='lat' dir='ltr'><strong>extollit;</strong></span> <span class='ocrx_word' id='word_1_186' title='bbox 1131 1626 1243 1691; x_wconf 89' lang='lat' dir='ltr'><strong>insuper</strong></span> <span class='ocrx_word' id='word_1_187' title='bbox 1258 1624 1405 1694; x_wconf 78' lang='lat' dir='ltr'><strong>predicans</strong></span> <span class='ocrx_word' id='word_1_188' title='bbox 1423 1626 1496 1697; x_wconf 87' lang='lat' dir='ltr'><strong>quod</strong></span> <span class='ocrx_word' id='word_1_189' title='bbox 1512 1625 1782 1705; x_wconf 22' lang='lat' dir='ltr'><strong>plurimos‘juvenum</strong></span> 
     </span>
     <span class='ocr_line' id='line_1_15' title="bbox 160 1718 1785 1796; baseline -0.004 -14"><span class='ocrx_word' id='word_1_190' title='bbox 160 1725 238 1791; x_wconf 88' lang='lat' dir='ltr'><strong>dere,</strong></span> <span class='ocrx_word' id='word_1_191' title='bbox 247 1723 320 1796; x_wconf 89' lang='lat' dir='ltr'><strong>quod</strong></span> <span class='ocrx_word' id='word_1_192' title='bbox 332 1723 401 1778; x_wconf 90' lang='lat' dir='ltr'><strong>inter</strong></span> <span class='ocrx_word' id='word_1_193' title='bbox 410 1721 614 1792; x_wconf 89' lang='lat' dir='ltr'><strong>opesquasiibct</strong></span> <span class='ocrx_word' id='word_1_194' title='bbox 623 1720 703 1791; x_wconf 90' lang='lat' dir='ltr'><strong>positi</strong></span> <span class='ocrx_word' id='word_1_195' title='bbox 717 1721 788 1793; x_wconf 79' lang='lat' dir='ltr'><strong>(quaa</strong></span> <span class='ocrx_word' id='word_1_196' title='bbox 797 1721 867 1777; x_wconf 84' lang='lat' dir='ltr'><strong>botua</strong></span> <span class='ocrx_word' id='word_1_197' title='bbox 880 1721 948 1777; x_wconf 86' lang='lat' dir='ltr'><strong>stul·</strong></span> <span class='ocrx_word' id='word_1_198' title='bbox 1001 1733 1051 1774; x_wconf 89' lang='lat' dir='ltr'><strong>nec</strong></span> <span class='ocrx_word' id='word_1_199' title='bbox 1064 1732 1158 1774; x_wconf 89' lang='lat' dir='ltr'><strong>senum</strong></span> <span class='ocrx_word' id='word_1_200' title='bbox 1179 1731 1290 1791; x_wconf 89' lang='lat' dir='ltr'><strong>paucos,</strong></span> <span class='ocrx_word' id='word_1_201' title='bbox 1304 1718 1379 1775; x_wconf 87' lang='lat' dir='ltr'><strong>vario</strong></span> <span class='ocrx_word' id='word_1_202' title='bbox 1388 1734 1488 1789; x_wconf 89' lang='lat' dir='ltr'><strong>genere</strong></span> <span class='ocrx_word' id='word_1_203' title='bbox 1506 1719 1624 1776; x_wconf 89' lang='lat' dir='ltr'><strong>dictandi</strong></span> <span class='ocrx_word' id='word_1_204' title='bbox 1639 1719 1785 1776; x_wconf 89' lang='lat' dir='ltr'><strong>militandi·</strong></span> 
     </span>
     <span class='ocr_line' id='line_1_16' title="bbox 160 1808 1785 1884; baseline -0.002 -12"><span class='ocrx_word' id='word_1_205' title='bbox 160 1817 199 1873; x_wconf 92' lang='lat' dir='ltr'><strong>tis</strong></span> <span class='ocrx_word' id='word_1_206' title='bbox 213 1814 281 1872; x_wconf 83' lang='lat' dir='ltr'><strong>laiso</strong></span> <span class='ocrx_word' id='word_1_207' title='bbox 292 1812 431 1884; x_wconf 80' lang='lat' dir='ltr'><strong>vocantur)</strong></span> <span class='ocrx_word' id='word_1_208' title='bbox 443 1812 466 1869; x_wconf 91' lang='lat' dir='ltr'><strong>si</strong></span> <span class='ocrx_word' id='word_1_209' title='bbox 478 1812 542 1884; x_wconf 90' lang='lat' dir='ltr'><strong>qnid</strong></span> <span class='ocrx_word' id='word_1_210' title='bbox 556 1811 670 1883; x_wconf 90' lang='lat' dir='ltr'><strong>agimus,</strong></span> <span class='ocrx_word' id='word_1_211' title='bbox 689 1821 826 1880; x_wconf 80' lang='lat' dir='ltr'><strong>nostrum3</strong></span> <span class='ocrx_word' id='word_1_212' title='bbox 846 1813 869 1868; x_wconf 88' lang='lat' dir='ltr'><strong>ai</strong></span> <span class='ocrx_word' id='word_1_213' title='bbox 884 1812 947 1884; x_wconf 87' lang='lat' dir='ltr'><strong>quid</strong></span> <span class='ocrx_word' id='word_1_214' title='bbox 1000 1823 1063 1878; x_wconf 88' lang='lat' dir='ltr'><strong>que,</strong></span> <span class='ocrx_word' id='word_1_215' title='bbox 1079 1808 1178 1879; x_wconf 89' lang='lat' dir='ltr'><strong>qnippe</strong></span> <span class='ocrx_word' id='word_1_216' title='bbox 1192 1808 1280 1865; x_wconf 86' lang='lat' dir='ltr'><strong>adbuc</strong></span> <span class='ocrx_word' id='word_1_217' title='bbox 1299 1824 1357 1865; x_wconf 82' lang='lat' dir='ltr'><strong>aevo</strong></span> <span class='ocrx_word' id='word_1_218' title='bbox 1371 1809 1475 1878; x_wconf 88' lang='lat' dir='ltr'><strong>viridis,</strong></span> <span class='ocrx_word' id='word_1_219' title='bbox 1487 1811 1544 1882; x_wconf 90' lang='lat' dir='ltr'><strong>ipse</strong></span> <span class='ocrx_word' id='word_1_220' title='bbox 1557 1812 1608 1869; x_wconf 93' lang='lat' dir='ltr'><strong>sim</strong></span> <span class='ocrx_word' id='word_1_221' title='bbox 1629 1825 1785 1882; x_wconf 86' lang='lat' dir='ltr'><strong>supergres-</strong></span> 
     </span>
     <span class='ocr_line' id='line_1_17' title="bbox 161 1894 1786 1981; baseline -0.006 -16"><span class='ocrx_word' id='word_1_222' title='bbox 161 1905 430 1975; x_wconf 68' lang='lat' dir='ltr'><strong>mnemonidarum</strong></span> <span class='ocrx_word' id='word_1_223' title='bbox 445 1912 496 1961; x_wconf 89' lang='lat' dir='ltr'><strong>est.</strong></span> <span class='ocrx_word' id='word_1_224' title='bbox 517 1904 593 1961; x_wconf 76' lang='lat' dir='ltr'><strong>iaie.</strong></span> <span class='ocrx_word' id='word_1_225' title='bbox 963 1894 1057 1958; x_wconf 80' lang='lat' dir='ltr'><strong>Bsus.</strong></span> <span class='ocrx_word' id='word_1_226' title='bbox 1087 1901 1217 1972; x_wconf 82' lang='lat' dir='ltr'><strong>Equidem</strong></span> <span class='ocrx_word' id='word_1_227' title='bbox 1236 1901 1264 1957; x_wconf 91' lang='lat' dir='ltr'><strong>in</strong></span> <span class='ocrx_word' id='word_1_228' title='bbox 1285 1910 1414 1972; x_wconf 91' lang='lat' dir='ltr'><strong>quantum</strong></span> <span class='ocrx_word' id='word_1_229' title='bbox 1436 1901 1494 1959; x_wconf 90' lang='lat' dir='ltr'><strong>lieri</strong></span> <span class='ocrx_word' id='word_1_230' title='bbox 1516 1898 1614 1973; x_wconf 77' lang='lat' dir='ltr'><strong>pr&#39;eter</strong></span> <span class='ocrx_word' id='word_1_231' title='bbox 1632 1902 1786 1981; x_wconf 80' lang='lat' dir='ltr'><strong>jactantiam</strong></span> 
     </span>
     <span class='ocr_line' id='line_1_18' title="bbox 443 1992 1787 2076; baseline 0 -26"><span class='ocrx_word' id='word_1_232' title='bbox 443 2016 609 2076; x_wconf 61' lang='lat' dir='ltr'><strong>Epggfflgg</strong></span> <span class='ocrx_word' id='word_1_233' title='bbox 627 2019 660 2075; x_wconf 69' lang='lat' dir='ltr'><strong>q,</strong></span> <span class='ocrx_word' id='word_1_234' title='bbox 1000 2001 1101 2066; x_wconf 82' lang='lat' dir='ltr'><strong>potest,</strong></span> <span class='ocrx_word' id='word_1_235' title='bbox 1112 1993 1216 2065; x_wconf 88' lang='lat' dir='ltr'><strong>gaudeo</strong></span> <span class='ocrx_word' id='word_1_236' title='bbox 1231 1992 1265 2049; x_wconf 93' lang='lat' dir='ltr'><strong>de</strong></span> <span class='ocrx_word' id='word_1_237' title='bbox 1276 1993 1491 2064; x_wconf 76' lang='lat' dir='ltr'><strong>prestantissimi</strong></span> <span class='ocrx_word' id='word_1_238' title='bbox 1508 1993 1561 2050; x_wconf 92' lang='lat' dir='ltr'><strong>viri</strong></span> <span class='ocrx_word' id='word_1_239' title='bbox 1579 1994 1747 2057; x_wconf 83' lang='lat' dir='ltr'><strong>auctoritate.</strong></span> <span class='ocrx_word' id='word_1_240' title='bbox 1762 1993 1787 2054; x_wconf 88' lang='lat' dir='ltr'><strong>si</strong></span> 
     </span>
    </p>

    <p class='ocr_par' dir='ltr' id='par_1_5' title="bbox 321 2085 1788 2171">
     <span class='ocr_line' id='line_1_19' title="bbox 321 2085 1788 2171; baseline 0 -27"><span class='ocrx_word' id='word_1_241' title='bbox 321 2112 445 2171; x_wconf 55' lang='lat' dir='ltr'><strong>sum,</strong></span> <span class='ocrx_word' id='word_1_242' title='bbox 459 2109 600 2168; x_wconf 50' lang='lat' dir='ltr'><strong>gemma,-</strong></span> <span class='ocrx_word' id='word_1_243' title='bbox 610 2127 658 2168; x_wconf 64' lang='lat' dir='ltr'><strong>m</strong></span> <span class='ocrx_word' id='word_1_244' title='bbox 667 2112 785 2168; x_wconf 62' lang='lat' dir='ltr'><strong>„pm</strong></span> <span class='ocrx_word' id='word_1_245' title='bbox 1000 2096 1090 2142; x_wconf 88' lang='lat' dir='ltr'><strong>certus</strong></span> <span class='ocrx_word' id='word_1_246' title='bbox 1109 2094 1165 2150; x_wconf 90' lang='lat' dir='ltr'><strong>est;</strong></span> <span class='ocrx_word' id='word_1_247' title='bbox 1182 2099 1285 2152; x_wconf 88' lang='lat' dir='ltr'><strong>amore,</strong></span> <span class='ocrx_word' id='word_1_248' title='bbox 1305 2085 1330 2142; x_wconf 91' lang='lat' dir='ltr'><strong>si</strong></span> <span class='ocrx_word' id='word_1_249' title='bbox 1342 2085 1460 2142; x_wconf 80' lang='lat' dir='ltr'><strong>fallitur:</strong></span> <span class='ocrx_word' id='word_1_250' title='bbox 1473 2086 1536 2143; x_wconf 87' lang='lat' dir='ltr'><strong>licet</strong></span> <span class='ocrx_word' id='word_1_251' title='bbox 1553 2087 1613 2159; x_wconf 87' lang='lat' dir='ltr'><strong>quis</strong></span> <span class='ocrx_word' id='word_1_252' title='bbox 1627 2095 1788 2157; x_wconf 81' lang='lat' dir='ltr'><strong>provocatus</strong></span> 
     </span>
    </p>
   </div>
   <div class='ocr_carea' id='block_1_5' title="bbox 162 2224 1787 2435">
    <p class='ocr_par' dir='ltr' id='par_1_6' title="bbox 162 2224 1787 2435">
     <span class='ocr_line' id='line_1_20' title="bbox 196 2224 1787 2342; baseline 0.014 -40"><span class='ocrx_word' id='word_1_253' title='bbox 196 2227 253 2287; x_wconf 51' lang='lat'><strong>¹33⁸</strong></span> <span class='ocrx_word' id='word_1_254' title='bbox 268 2235 338 2332; x_wconf 57' lang='grc' dir='ltr'><strong>ΒΨ</strong></span> <span class='ocrx_word' id='word_1_255' title='bbox 357 2227 385 2283; x_wconf 64' lang='lat'><strong>¹¹¹</strong></span> <span class='ocrx_word' id='word_1_256' title='bbox 406 2225 521 2329; x_wconf 32' lang='lat' dir='ltr'><strong>‘mim</strong></span> <span class='ocrx_word' id='word_1_257' title='bbox 542 2232 661 2327; x_wconf 46' lang='grc' dir='ltr'><strong>ΜΨ</strong></span> <span class='ocrx_word' id='word_1_258' title='bbox 676 2224 949 2328; x_wconf 51' lang='grc' dir='ltr'><strong>’ωἰοωῗθόοωωθῃ</strong></span> <span class='ocrx_word' id='word_1_259' title='bbox 1000 2285 1053 2342; x_wconf 89' lang='lat' dir='ltr'><strong>que</strong></span> <span class='ocrx_word' id='word_1_260' title='bbox 1084 2267 1118 2324; x_wconf 91' lang='lat' dir='ltr'><strong>ad</strong></span> <span class='ocrx_word' id='word_1_261' title='bbox 1145 2268 1227 2323; x_wconf 89' lang='lat' dir='ltr'><strong>verba</strong></span> <span class='ocrx_word' id='word_1_262' title='bbox 1260 2282 1313 2323; x_wconf 91' lang='lat' dir='ltr'><strong>nou</strong></span> <span class='ocrx_word' id='word_1_263' title='bbox 1341 2267 1536 2324; x_wconf 88' lang='lat' dir='ltr'><strong>iniantissimus</strong></span> <span class='ocrx_word' id='word_1_264' title='bbox 1564 2267 1636 2324; x_wconf 84' lang='lat' dir='ltr'><strong>eniti</strong></span> <span class='ocrx_word' id='word_1_265' title='bbox 1667 2266 1787 2338; x_wconf 80' lang='lat' dir='ltr'><strong>Namque</strong></span> 
     </span>
     <span class='ocr_line' id='line_1_21' title="bbox 162 2314 1787 2435; baseline 0.018 -57"><span class='ocrx_word' id='word_1_266' title='bbox 162 2319 330 2386; x_wconf 76' lang='lat' dir='ltr'><strong>Fortunalis,</strong></span> <span class='ocrx_word' id='word_1_267' title='bbox 345 2317 507 2379; x_wconf 81' lang='lat' dir='ltr'><strong>ibericarum</strong></span> <span class='ocrx_word' id='word_1_268' title='bbox 520 2314 880 2387; x_wconf 83' lang='lat' dir='ltr'><strong>decosullustoeregmnutu.</strong></span> <span class='ocrx_word' id='word_1_269' title='bbox 895 2316 949 2374; x_wconf 87' lang='lat' dir='ltr'><strong>Ne-</strong></span> <span class='ocrx_word' id='word_1_270' title='bbox 1001 2362 1083 2435; x_wconf 63' lang='lat'><strong>²2⁰</strong></span> <span class='ocrx_word' id='word_1_271' title='bbox 1097 2361 1212 2419; x_wconf 54' lang='lat' dir='ltr'><strong>vinum</strong></span> <span class='ocrx_word' id='word_1_272' title='bbox 1226 2363 1324 2419; x_wconf 59' lang='lat' dir='ltr'>mium</span> <span class='ocrx_word' id='word_1_273' title='bbox 1336 2363 1448 2419; x_wconf 59' lang='lat' dir='ltr'><strong>mmm,</strong></span> <span class='ocrx_word' id='word_1_274' title='bbox 1470 2361 1576 2419; x_wconf 50' lang='grc' dir='ltr'><strong>Μὴ</strong></span> <span class='ocrx_word' id='word_1_275' title='bbox 1589 2362 1677 2434; x_wconf 61' lang='lat' dir='ltr'><strong>pgqg,</strong></span> <span class='ocrx_word' id='word_1_276' title='bbox 1691 2360 1787 2432; x_wconf 56' lang='lat' dir='ltr'><strong>primii</strong></span> 
     </span>
    </p>
   </div>
   <div class='ocr_carea' id='block_1_6' title="bbox 162 2407 1787 2581">
    <p class='ocr_par' dir='ltr' id='par_1_7' title="bbox 162 2407 1787 2581">
     <span class='ocr_line' id='line_1_22' title="bbox 162 2407 1382 2487; baseline -0.019 -15"><span class='ocrx_word' id='word_1_277' title='bbox 162 2428 217 2487; x_wconf 87' lang='lat' dir='ltr'><strong>que</strong></span> <span class='ocrx_word' id='word_1_278' title='bbox 225 2412 296 2469; x_wconf 84' lang='lat' dir='ltr'><strong>enim</strong></span> <span class='ocrx_word' id='word_1_279' title='bbox 312 2409 360 2466; x_wconf 89' lang='lat' dir='ltr'><strong>tibi</strong></span> <span class='ocrx_word' id='word_1_280' title='bbox 373 2407 541 2466; x_wconf 70' lang='lat' dir='ltr'><strong>familiaritas</strong></span> <span class='ocrx_word' id='word_1_281' title='bbox 557 2417 611 2464; x_wconf 88' lang='lat' dir='ltr'><strong>tarn</strong></span> <span class='ocrx_word' id='word_1_282' title='bbox 626 2422 708 2478; x_wconf 89' lang='lat' dir='ltr'><strong>parva</strong></span> <span class='ocrx_word' id='word_1_283' title='bbox 721 2421 783 2464; x_wconf 88' lang='lat' dir='ltr'><strong>eum</strong></span> <span class='ocrx_word' id='word_1_284' title='bbox 798 2408 904 2475; x_wconf 89' lang='lat' dir='ltr'><strong>litteris,</strong></span> <span class='ocrx_word' id='word_1_285' title='bbox 921 2419 949 2465; x_wconf 91' lang='lat' dir='ltr'><strong>ut</strong></span> <span class='ocrx_word' id='word_1_286' title='bbox 1277 2457 1283 2470; x_wconf 61' lang='grc'><em>,</em></span> <span class='ocrx_word' id='word_1_287' title='bbox 1376 2457 1382 2470; x_wconf 33' lang='grc' dir='ltr'>Ι</span> 
     </span>
     <span class='ocr_line' id='line_1_23' title="bbox 162 2453 1787 2581; baseline -0.021 -38"><span class='ocrx_word' id='word_1_288' title='bbox 162 2523 213 2581; x_wconf 64' lang='lat' dir='ltr'><em>W</em></span> <span class='ocrx_word' id='word_1_289' title='bbox 225 2507 273 2563; x_wconf 68' lang='lat' dir='ltr'><strong>g„</strong></span> <span class='ocrx_word' id='word_1_290' title='bbox 283 2507 356 2577; x_wconf 50' lang='grc' dir='ltr'><strong>Μ</strong></span> <span class='ocrx_word' id='word_1_291' title='bbox 368 2505 403 2561; x_wconf 61' lang='lat' dir='ltr'><strong>d,</strong></span> <span class='ocrx_word' id='word_1_292' title='bbox 415 2512 442 2561; x_wconf 59' lang='grc' dir='ltr'><strong><em>ω</em></strong></span> <span class='ocrx_word' id='word_1_293' title='bbox 455 2503 554 2576; x_wconf 58' lang='lat' dir='ltr'><strong>,liquid</strong></span> <span class='ocrx_word' id='word_1_294' title='bbox 569 2511 630 2574; x_wconf 58' lang='lat' dir='ltr'><strong>pos,</strong></span> <span class='ocrx_word' id='word_1_295' title='bbox 642 2512 669 2560; x_wconf 55' lang='grc' dir='ltr'>ω</span> <span class='ocrx_word' id='word_1_296' title='bbox 682 2516 824 2574; x_wconf 49' lang='lat' dir='ltr'><strong>superem</strong></span> <span class='ocrx_word' id='word_1_297' title='bbox 837 2517 892 2558; x_wconf 64' lang='lat' dir='ltr'><strong>non</strong></span> <span class='ocrx_word' id='word_1_298' title='bbox 903 2502 951 2558; x_wconf 48' lang='lat' dir='ltr'><strong>de·</strong></span> <span class='ocrx_word' id='word_1_299' title='bbox 1001 2457 1161 2562; x_wconf 75' lang='lat' dir='ltr'><strong>seculorum</strong></span> <span class='ocrx_word' id='word_1_300' title='bbox 1176 2464 1264 2513; x_wconf 89' lang='lat' dir='ltr'><strong>rector</strong></span> <span class='ocrx_word' id='word_1_301' title='bbox 1277 2467 1396 2529; x_wconf 81' lang='lat' dir='ltr'><strong>ingenuit</strong></span> <span class='ocrx_word' id='word_1_302' title='bbox 1408 2474 1416 2525; x_wconf 88' lang='lat'>;</span> <span class='ocrx_word' id='word_1_303' title='bbox 1430 2471 1490 2527; x_wconf 87' lang='lat' dir='ltr'><strong>qme</strong></span> <span class='ocrx_word' id='word_1_304' title='bbox 1509 2471 1557 2527; x_wconf 91' lang='lat' dir='ltr'><strong>per</strong></span> <span class='ocrx_word' id='word_1_305' title='bbox 1575 2464 1680 2512; x_wconf 82' lang='lat' dir='ltr'><strong>atatem</strong></span> <span class='ocrx_word' id='word_1_306' title='bbox 1695 2453 1787 2511; x_wconf 90' lang='lat' dir='ltr'><strong>mundi</strong></span> 
     </span>
    </p>
   </div>
   <div class='ocr_carea' id='block_1_7' title="bbox 161 2547 1788 2897">
    <p class='ocr_par' dir='ltr' id='par_1_8' title="bbox 161 2547 1788 2788">
     <span class='ocr_line' id='line_1_24' title="bbox 161 2547 1787 2670; baseline -0.004 -12"><span class='ocrx_word' id='word_1_307' title='bbox 161 2608 221 2659; x_wconf 90' lang='lat' dir='ltr'><strong>ceat</strong></span> <span class='ocrx_word' id='word_1_308' title='bbox 260 2599 338 2657; x_wconf 77' lang='lat' dir='ltr'><strong>Vivet</strong></span> <span class='ocrx_word' id='word_1_309' title='bbox 360 2596 434 2655; x_wconf 85' lang='lat' dir='ltr'><strong>ilicet</strong></span> <span class='ocrx_word' id='word_1_310' title='bbox 466 2597 540 2655; x_wconf 90' lang='lat' dir='ltr'><strong>vivet</strong></span> <span class='ocrx_word' id='word_1_311' title='bbox 558 2598 585 2654; x_wconf 92' lang='lat' dir='ltr'><strong>in</strong></span> <span class='ocrx_word' id='word_1_312' title='bbox 607 2606 743 2670; x_wconf 73' lang='grc' dir='ltr'>ιιιιιιιιι</span> <span class='ocrx_word' id='word_1_313' title='bbox 772 2596 888 2654; x_wconf 89' lang='lat' dir='ltr'><strong>nominis</strong></span> <span class='ocrx_word' id='word_1_314' title='bbox 912 2595 950 2653; x_wconf 91' lang='lat' dir='ltr'><strong>tui</strong></span> <span class='ocrx_word' id='word_1_315' title='bbox 999 2563 1054 2619; x_wconf 54' lang='grc' dir='ltr'><strong>ἐπ’</strong></span> <span class='ocrx_word' id='word_1_316' title='bbox 1073 2549 1250 2653; x_wconf 28' lang='lat' dir='ltr'><strong>mmm&amp;</strong></span> <span class='ocrx_word' id='word_1_317' title='bbox 1273 2549 1382 2653; x_wconf 48' lang='grc' dir='ltr'><strong>,ΜΨ</strong></span> <span class='ocrx_word' id='word_1_318' title='bbox 1396 2549 1478 2606; x_wconf 46' lang='grc' dir='ltr'><strong>νθωιί</strong></span> <span class='ocrx_word' id='word_1_319' title='bbox 1495 2548 1652 2652; x_wconf 44' lang='grc' dir='ltr'><strong>8Ψίψῆ</strong></span> <span class='ocrx_word' id='word_1_320' title='bbox 1668 2547 1787 2605; x_wconf 56' lang='lat' dir='ltr'><strong>emm*</strong></span> 
     </span>
     <span class='ocr_line' id='line_1_25' title="bbox 162 2639 1788 2788; baseline 0 -41"><span class='ocrx_word' id='word_1_321' title='bbox 162 2642 258 2763; x_wconf 77' lang='lat' dir='ltr'><strong>gloria.</strong></span> <span class='ocrx_word' id='word_1_322' title='bbox 269 2689 335 2745; x_wconf 85' lang='lat' dir='ltr'><strong>liam</strong></span> <span class='ocrx_word' id='word_1_323' title='bbox 347 2688 371 2745; x_wconf 89' lang='lat' dir='ltr'><strong>si</strong></span> <span class='ocrx_word' id='word_1_324' title='bbox 384 2641 545 2760; x_wconf 53' lang='lat' dir='ltr'><strong>qua’nostrls</strong></span> <span class='ocrx_word' id='word_1_325' title='bbox 557 2687 786 2759; x_wconf 74' lang='lat' dir='ltr'><strong>qualitercumque</strong></span> <span class='ocrx_word' id='word_1_326' title='bbox 797 2687 893 2759; x_wconf 84' lang='lat' dir='ltr'><strong>gratia,</strong></span> <span class='ocrx_word' id='word_1_327' title='bbox 906 2701 950 2743; x_wconf 88' lang='lat' dir='ltr'><strong>re·</strong></span> <span class='ocrx_word' id='word_1_328' title='bbox 999 2639 1073 2788; x_wconf 39' lang='grc' dir='ltr'><strong>ἔλαθ’</strong></span> <span class='ocrx_word' id='word_1_329' title='bbox 1090 2653 1185 2747; x_wconf 48' lang='lat' dir='ltr'><strong>mm</strong></span> <span class='ocrx_word' id='word_1_330' title='bbox 1199 2639 1301 2746; x_wconf 52' lang='lat' dir='ltr'><strong>&#39;hqfnd</strong></span> <span class='ocrx_word' id='word_1_331' title='bbox 1319 2641 1376 2748; x_wconf 65' lang='lat'><strong>‚¹¹⁰⁰</strong></span> <span class='ocrx_word' id='word_1_332' title='bbox 1390 2648 1513 2712; x_wconf 54' lang='lat' dir='ltr'><strong>mmm</strong></span> <span class='ocrx_word' id='word_1_333' title='bbox 1525 2655 1553 2696; x_wconf 57' lang='grc' dir='ltr'><em>ω</em></span> <span class='ocrx_word' id='word_1_334' title='bbox 1573 2641 1788 2747; x_wconf 53' lang='lat' dir='ltr'><strong>mee’</strong></span> 
     </span>
    </p>

    <p class='ocr_par' dir='ltr' id='par_1_9' title="bbox 161 2733 1788 2897">
     <span class='ocr_line' id='line_1_26' title="bbox 257 2733 1788 2805; baseline -0.005 -8"><span class='ocrx_word' id='word_1_335' title='bbox 257 2782 264 2797; x_wconf 89' lang='lat'><em>.</em></span> <span class='ocrx_word' id='word_1_336' title='bbox 509 2780 516 2794; x_wconf 91' lang='lat'>.</span> <span class='ocrx_word' id='word_1_337' title='bbox 550 2780 557 2793; x_wconf 93' lang='lat'>.</span> <span class='ocrx_word' id='word_1_338' title='bbox 1017 2740 1080 2804; x_wconf 89' lang='lat' dir='ltr'><strong>tque</strong></span> <span class='ocrx_word' id='word_1_339' title='bbox 1093 2733 1120 2790; x_wconf 89' lang='lat' dir='ltr'><strong>td</strong></span> <span class='ocrx_word' id='word_1_340' title='bbox 1141 2750 1167 2789; x_wconf 88' lang='lat' dir='ltr'><strong>tn</strong></span> <span class='ocrx_word' id='word_1_341' title='bbox 1184 2746 1276 2805; x_wconf 82' lang='lat' dir='ltr'><strong>puncta</strong></span> <span class='ocrx_word' id='word_1_342' title='bbox 1290 2734 1442 2791; x_wconf 77' lang='lat' dir='ltr'><strong>mimndum</strong></span> <span class='ocrx_word' id='word_1_343' title='bbox 1456 2749 1488 2791; x_wconf 88' lang='lat' dir='ltr'><strong>ac</strong></span> <span class='ocrx_word' id='word_1_344' title='bbox 1508 2734 1683 2791; x_wconf 82' lang='lat' dir='ltr'><strong>memorabile</strong></span> <span class='ocrx_word' id='word_1_345' title='bbox 1701 2742 1788 2791; x_wconf 88' lang='lat' dir='ltr'><strong>oeten·</strong></span> 
     </span>
     <span class='ocr_line' id='line_1_27' title="bbox 161 2779 1787 2897; baseline -0.002 -12"><span class='ocrx_word' id='word_1_346' title='bbox 161 2792 293 2852; x_wconf 50' lang='lat' dir='ltr'><strong>&#39;ereum&#39;</strong></span> <span class='ocrx_word' id='word_1_347' title='bbox 316 2780 383 2838; x_wconf 55' lang='lat'><strong>⁶⁶⁸⁵</strong></span> <span class='ocrx_word' id='word_1_348' title='bbox 403 2780 531 2837; x_wconf 56' lang='lat' dir='ltr'><strong>mmm</strong></span> <span class='ocrx_word' id='word_1_349' title='bbox 550 2790 629 2848; x_wconf 64' lang='lat'><strong>&#39;⁰⁰⁸¹’</strong></span> <span class='ocrx_word' id='word_1_350' title='bbox 652 2779 719 2837; x_wconf 46' lang='grc' dir='ltr'>κεί</span> <span class='ocrx_word' id='word_1_351' title='bbox 732 2788 798 2837; x_wconf 51' lang='grc' dir='ltr'><strong>Μ’</strong></span> <span class='ocrx_word' id='word_1_352' title='bbox 817 2782 879 2837; x_wconf 65' lang='lat'><strong>&#39;⁰¹⁰</strong></span> <span class='ocrx_word' id='word_1_353' title='bbox 901 2794 951 2852; x_wconf 53' lang='grc' dir='ltr'><strong>ω’</strong></span> <span class='ocrx_word' id='word_1_354' title='bbox 1000 2830 1070 2880; x_wconf 69' lang='lat' dir='ltr'><strong>mut.</strong></span> <span class='ocrx_word' id='word_1_355' title='bbox 1095 2824 1178 2895; x_wconf 82' lang='lat' dir='ltr'><strong>liujus</strong></span> <span class='ocrx_word' id='word_1_356' title='bbox 1203 2836 1292 2883; x_wconf 86' lang='lat' dir='ltr'><strong>tamen</strong></span> <span class='ocrx_word' id='word_1_357' title='bbox 1317 2840 1383 2897; x_wconf 89' lang='lat' dir='ltr'><strong>ego,</strong></span> <span class='ocrx_word' id='word_1_358' title='bbox 1406 2835 1434 2884; x_wconf 93' lang='lat' dir='ltr'><strong>et</strong></span> <span class='ocrx_word' id='word_1_359' title='bbox 1452 2826 1476 2882; x_wconf 86' lang='lat' dir='ltr'><strong>si</strong></span> <span class='ocrx_word' id='word_1_360' title='bbox 1497 2826 1645 2884; x_wconf 86' lang='lat' dir='ltr'><strong>studiorum</strong></span> <span class='ocrx_word' id='word_1_361' title='bbox 1667 2828 1787 2884; x_wconf 87' lang='lat' dir='ltr'><strong>omniun</strong></span> 
     </span>
    </p>
   </div>
   <div class='ocr_carea' id='block_1_8' title="bbox 162 2871 1787 3080">
    <p class='ocr_par' dir='ltr' id='par_1_10' title="bbox 162 2871 1787 3080">
     <span class='ocr_line' id='line_1_28' title="bbox 162 2871 1786 2990; baseline -0.007 -12"><span class='ocrx_word' id='word_1_362' title='bbox 162 2882 269 2978; x_wconf 74' lang='lat' dir='ltr'><strong>stema,</strong></span> <span class='ocrx_word' id='word_1_363' title='bbox 279 2873 346 2978; x_wconf 49' lang='grc' dir='ltr'>ω</span> <span class='ocrx_word' id='word_1_364' title='bbox 362 2881 406 2929; x_wconf 56' lang='lat'><strong>‘⁰²</strong></span> <span class='ocrx_word' id='word_1_365' title='bbox 419 2871 473 2977; x_wconf 37' lang='grc' dir='ltr'><strong>(ΜΕ</strong></span> <span class='ocrx_word' id='word_1_366' title='bbox 485 2872 609 2977; x_wconf 55' lang='lat' dir='ltr'>‚flmm’</span> <span class='ocrx_word' id='word_1_367' title='bbox 623 2872 709 2976; x_wconf 49' lang='lat' dir='ltr'><strong>‘qma</strong></span> <span class='ocrx_word' id='word_1_368' title='bbox 724 2872 871 2979; x_wconf 37' lang='lat' dir='ltr'><strong>mmm?</strong></span> <span class='ocrx_word' id='word_1_369' title='bbox 887 2886 950 2929; x_wconf 55' lang='grc' dir='ltr'><strong>Μ’</strong></span> <span class='ocrx_word' id='word_1_370' title='bbox 1000 2924 1080 2987; x_wconf 90' lang='lat' dir='ltr'><strong>caput</strong></span> <span class='ocrx_word' id='word_1_371' title='bbox 1094 2925 1135 2973; x_wconf 91' lang='lat' dir='ltr'><strong>est</strong></span> <span class='ocrx_word' id='word_1_372' title='bbox 1144 2916 1359 2988; x_wconf 82' lang='lat' dir='ltr'><strong>litterarumque,</strong></span> <span class='ocrx_word' id='word_1_373' title='bbox 1373 2918 1420 2989; x_wconf 92' lang='lat' dir='ltr'><strong>qui</strong></span> <span class='ocrx_word' id='word_1_374' title='bbox 1435 2930 1576 2990; x_wconf 87' lang='lat' dir='ltr'><strong>personam</strong></span> <span class='ocrx_word' id='word_1_375' title='bbox 1587 2933 1694 2988; x_wconf 90' lang='lat' dir='ltr'><strong>semper</strong></span> <span class='ocrx_word' id='word_1_376' title='bbox 1708 2933 1786 2973; x_wconf 80' lang='lat' dir='ltr'><strong>exeo.</strong></span> 
     </span>
     <span class='ocr_line' id='line_1_29' title="bbox 164 2963 1787 3080; baseline -0.005 -10"><span class='ocrx_word' id='word_1_377' title='bbox 164 2975 249 3022; x_wconf 57' lang='lat' dir='ltr'><strong>oe&#39;m&#39;</strong></span> <span class='ocrx_word' id='word_1_378' title='bbox 258 2974 366 3036; x_wconf 55' lang='lat' dir='ltr'>&#39;mum‘</span> <span class='ocrx_word' id='word_1_379' title='bbox 381 2972 510 3034; x_wconf 56' lang='lat' dir='ltr'>panem</span> <span class='ocrx_word' id='word_1_380' title='bbox 528 2963 694 3032; x_wconf 54' lang='lat' dir='ltr'><strong>‘demum’</strong></span> <span class='ocrx_word' id='word_1_381' title='bbox 708 2965 949 3067; x_wconf 52' lang='lat' dir='ltr'><strong>⁶⁰n⁰q¹¹¹⁰¹⁰⁰⁰¹f⁸</strong></span> <span class='ocrx_word' id='word_1_382' title='bbox 1000 3008 1049 3077; x_wconf 85' lang='lat' dir='ltr'><strong>lui,</strong></span> <span class='ocrx_word' id='word_1_383' title='bbox 1061 3021 1156 3064; x_wconf 89' lang='lat' dir='ltr'><strong>vereor</strong></span> <span class='ocrx_word' id='word_1_384' title='bbox 1171 3009 1342 3075; x_wconf 86' lang='lat' dir='ltr'><strong>sententiam,</strong></span> <span class='ocrx_word' id='word_1_385' title='bbox 1356 3023 1436 3080; x_wconf 90' lang='lat' dir='ltr'><strong>supra</strong></span> <span class='ocrx_word' id='word_1_386' title='bbox 1448 3023 1528 3079; x_wconf 89' lang='lat' dir='ltr'><strong>quam</strong></span> <span class='ocrx_word' id='word_1_387' title='bbox 1540 3009 1638 3065; x_wconf 85' lang='lat' dir='ltr'><strong>veritas</strong></span> <span class='ocrx_word' id='word_1_388' title='bbox 1648 3007 1738 3077; x_wconf 88' lang='lat' dir='ltr'><strong>babet,</strong></span> <span class='ocrx_word' id='word_1_389' title='bbox 1749 3008 1787 3064; x_wconf 72' lang='lat' dir='ltr'><strong>al·</strong></span> 
     </span>
    </p>
   </div>
   <div class='ocr_carea' id='block_1_9' title="bbox 163 3055 1789 3265">
    <p class='ocr_par' dir='ltr' id='par_1_11' title="bbox 163 3055 1789 3265">
     <span class='ocr_line' id='line_1_30' title="bbox 163 3055 1788 3171; baseline 0.016 -42"><span class='ocrx_word' id='word_1_390' title='bbox 163 3057 235 3161; x_wconf 48' lang='lat'>⁰5⁰⁵:</span> <span class='ocrx_word' id='word_1_391' title='bbox 250 3055 315 3111; x_wconf 63' lang='lat'><strong>”¹¹⁸⁶</strong></span> <span class='ocrx_word' id='word_1_392' title='bbox 327 3068 434 3159; x_wconf 55' lang='lat' dir='ltr'><strong>‘lum‘</strong></span> <span class='ocrx_word' id='word_1_393' title='bbox 452 3067 534 3125; x_wconf 59' lang='lat' dir='ltr'><strong>‘um</strong></span> <span class='ocrx_word' id='word_1_394' title='bbox 547 3064 645 3112; x_wconf 49' lang='grc' dir='ltr'><strong>ΜΨ</strong></span> <span class='ocrx_word' id='word_1_395' title='bbox 660 3065 950 3160; x_wconf 61' lang='lat'><strong>,⁸⁸”⁰⁵⁰⁰¹’,⁰¹³⁰⁰¹¹&#39;³</strong></span> <span class='ocrx_word' id='word_1_396' title='bbox 999 3098 1420 3171; x_wconf 84' lang='lat' dir='ltr'><strong>iectuponderatioreprolatam.</strong></span> <span class='ocrx_word' id='word_1_397' title='bbox 1430 3099 1563 3171; x_wconf 85' lang='lat' dir='ltr'><strong>Nequeolr</strong></span> <span class='ocrx_word' id='word_1_398' title='bbox 1576 3099 1734 3158; x_wconf 87' lang='lat' dir='ltr'><strong>bociniicias</strong></span> <span class='ocrx_word' id='word_1_399' title='bbox 1750 3100 1788 3155; x_wconf 86' lang='lat' dir='ltr'><strong>ie·</strong></span> 
     </span>
     <span class='ocr_line' id='line_1_31' title="bbox 164 3147 1789 3265; baseline 0.014 -61"><span class='ocrx_word' id='word_1_400' title='bbox 164 3149 287 3206; x_wconf 82' lang='lat' dir='ltr'><strong>laudibus</strong></span> <span class='ocrx_word' id='word_1_401' title='bbox 302 3156 355 3204; x_wconf 79' lang='lat' dir='ltr'><strong>tuus</strong></span> <span class='ocrx_word' id='word_1_402' title='bbox 371 3162 404 3203; x_wconf 85' lang='lat' dir='ltr'><strong>ex</strong></span> <span class='ocrx_word' id='word_1_403' title='bbox 417 3154 539 3204; x_wconf 89' lang='lat' dir='ltr'><strong>votorum</strong></span> <span class='ocrx_word' id='word_1_404' title='bbox 550 3156 741 3205; x_wconf 82' lang='lat' dir='ltr'><strong>contrarietate</strong></span> <span class='ocrx_word' id='word_1_405' title='bbox 750 3161 868 3203; x_wconf 79' lang='lat' dir='ltr'><strong>neumae.</strong></span> <span class='ocrx_word' id='word_1_406' title='bbox 884 3147 950 3202; x_wconf 85' lang='lat' dir='ltr'><strong>iiam</strong></span> <span class='ocrx_word' id='word_1_407' title='bbox 1000 3193 1063 3256; x_wconf 50' lang='lat' dir='ltr'>rim,</span> <span class='ocrx_word' id='word_1_408' title='bbox 1073 3191 1347 3265; x_wconf 47' lang='lat' dir='ltr'><strong>mmmluculenffi</strong></span> <span class='ocrx_word' id='word_1_409' title='bbox 1355 3191 1570 3261; x_wconf 42' lang='lat' dir='ltr'><strong>,immunibus</strong></span> <span class='ocrx_word' id='word_1_410' title='bbox 1588 3191 1713 3248; x_wconf 52' lang='lat' dir='ltr'><strong>„pm</strong></span> <span class='ocrx_word' id='word_1_411' title='bbox 1723 3191 1789 3261; x_wconf 65' lang='lat' dir='ltr'><strong>Qu„</strong></span> 
     </span>
    </p>
   </div>
   <div class='ocr_carea' id='block_1_10' title="bbox 165 3238 1790 3360">
    <p class='ocr_par' dir='ltr' id='par_1_12' title="bbox 165 3238 1790 3360">
     <span class='ocr_line' id='line_1_32' title="bbox 165 3238 1790 3360; baseline 0.01 -34"><span class='ocrx_word' id='word_1_412' title='bbox 165 3255 250 3312; x_wconf 58' lang='lat'>9¹⁰¹*</span> <span class='ocrx_word' id='word_1_413' title='bbox 267 3248 320 3306; x_wconf 67' lang='lat'><strong>⁰⁸¹⁹</strong></span> <span class='ocrx_word' id='word_1_414' title='bbox 342 3247 372 3295; x_wconf 72' lang='lat'><strong>¹¹²</strong></span> <span class='ocrx_word' id='word_1_415' title='bbox 384 3238 544 3296; x_wconf 56' lang='lat' dir='ltr'><strong>‘mimum</strong></span> <span class='ocrx_word' id='word_1_416' title='bbox 562 3248 715 3308; x_wconf 54' lang='lat' dir='ltr'><strong>‘ww’</strong></span> <span class='ocrx_word' id='word_1_417' title='bbox 735 3238 807 3311; x_wconf 53' lang='grc' dir='ltr'><strong>ΨΜ</strong></span> <span class='ocrx_word' id='word_1_418' title='bbox 820 3238 987 3326; x_wconf 53' lang='lat' dir='ltr'><strong>mmo</strong></span> <span class='ocrx_word' id='word_1_419' title='bbox 1002 3302 1062 3344; x_wconf 83' lang='lat' dir='ltr'><strong>statu</strong></span> <span class='ocrx_word' id='word_1_420' title='bbox 1074 3303 1119 3345; x_wconf 88' lang='lat' dir='ltr'><strong>me</strong></span> <span class='ocrx_word' id='word_1_421' title='bbox 1132 3289 1171 3360; x_wconf 83' lang='lat' dir='ltr'><strong>(et</strong></span> <span class='ocrx_word' id='word_1_422' title='bbox 1189 3288 1211 3342; x_wconf 90' lang='lat' dir='ltr'><strong>si</strong></span> <span class='ocrx_word' id='word_1_423' title='bbox 1226 3297 1350 3344; x_wconf 89' lang='lat' dir='ltr'><strong>mutuum</strong></span> <span class='ocrx_word' id='word_1_424' title='bbox 1367 3284 1650 3358; x_wconf 69' lang='lat' dir='ltr'><strong>umectantemque</strong></span> <span class='ocrx_word' id='word_1_425' title='bbox 1663 3301 1698 3342; x_wconf 85' lang='lat' dir='ltr'><strong>cx</strong></span> <span class='ocrx_word' id='word_1_426' title='bbox 1714 3293 1790 3356; x_wconf 86' lang='lat' dir='ltr'><strong>parta</strong></span> 
     </span>
    </p>
   </div>
   <div class='ocr_carea' id='block_1_11' title="bbox 163 3330 1791 3821">
    <p class='ocr_par' dir='ltr' id='par_1_13' title="bbox 163 3330 1791 3821">
     <span class='ocr_line' id='line_1_33' title="bbox 165 3330 1790 3479; baseline -0.001 -44"><span class='ocrx_word' id='word_1_427' title='bbox 165 3330 598 3479; x_wconf 42' lang='lat' dir='ltr'><strong>mnamx&#39;emffmmm’</strong></span> <span class='ocrx_word' id='word_1_428' title='bbox 620 3343 701 3402; x_wconf 63' lang='lat' dir='ltr'><strong>qm</strong></span> <span class='ocrx_word' id='word_1_429' title='bbox 725 3344 749 3386; x_wconf 69' lang='lat'><strong>⁸¹</strong></span> <span class='ocrx_word' id='word_1_430' title='bbox 767 3330 886 3388; x_wconf 53' lang='lat' dir='ltr'><strong>celarem</strong></span> <span class='ocrx_word' id='word_1_431' title='bbox 908 3345 951 3388; x_wconf 51' lang='grc' dir='ltr'><strong>ω’</strong></span> <span class='ocrx_word' id='word_1_432' title='bbox 1001 3380 1156 3450; x_wconf 80' lang='lat' dir='ltr'><strong>cursimque</strong></span> <span class='ocrx_word' id='word_1_433' title='bbox 1168 3379 1228 3436; x_wconf 85' lang='lat' dir='ltr'><strong>deri</strong></span> <span class='ocrx_word' id='word_1_434' title='bbox 1242 3392 1388 3435; x_wconf 88' lang='lat' dir='ltr'><strong>memorem</strong></span> <span class='ocrx_word' id='word_1_435' title='bbox 1402 3378 1503 3435; x_wconf 88' lang='lat' dir='ltr'><strong>lasest</strong></span> <span class='ocrx_word' id='word_1_436' title='bbox 1516 3378 1613 3435; x_wconf 77' lang='lat' dir='ltr'><strong>Audivi</strong></span> <span class='ocrx_word' id='word_1_437' title='bbox 1624 3392 1686 3434; x_wconf 92' lang='lat' dir='ltr'><strong>eum</strong></span> <span class='ocrx_word' id='word_1_438' title='bbox 1698 3377 1790 3436; x_wconf 80' lang='lat' dir='ltr'><strong>adole-</strong></span> 
     </span>
     <span class='ocr_line' id='line_1_34' title="bbox 163 3436 1790 3544; baseline 0.004 -24"><span class='ocrx_word' id='word_1_439' title='bbox 163 3437 218 3493; x_wconf 54' lang='grc' dir='ltr'>Μ</span> <span class='ocrx_word' id='word_1_440' title='bbox 237 3437 253 3477; x_wconf 76' lang='lat'><em>²</em></span> <span class='ocrx_word' id='word_1_441' title='bbox 279 3436 380 3480; x_wconf 60' lang='lat' dir='ltr'><strong>‘&#39;m&#39;&#39;</strong></span> <span class='ocrx_word' id='word_1_442' title='bbox 422 3438 475 3478; x_wconf 59' lang='grc' dir='ltr'><strong>Η·</strong></span> <span class='ocrx_word' id='word_1_443' title='bbox 1002 3471 1790 3544; x_wconf 84' lang='lat' dir='ltr'><strong>scens,atqueadlrucnaperexpucro‚eum·patermeua</strong></span> 
     </span>
     <span class='ocr_line' id='line_1_35' title="bbox 325 3531 1788 3643; baseline 0.008 -35"><span class='ocrx_word' id='word_1_444' title='bbox 325 3628 332 3642; x_wconf 85' lang='lat'><strong>.</strong></span> <span class='ocrx_word' id='word_1_445' title='bbox 387 3537 474 3643; x_wconf 36' lang='grc' dir='ltr'><strong>,Ἀθ</strong></span> <span class='ocrx_word' id='word_1_446' title='bbox 492 3531 659 3641; x_wconf 55' lang='lat' dir='ltr'><strong>mmm</strong></span> <span class='ocrx_word' id='word_1_447' title='bbox 678 3533 722 3591; x_wconf 67' lang='grc' dir='ltr'><strong>Ἦ·</strong></span> <span class='ocrx_word' id='word_1_448' title='bbox 1002 3563 1427 3635; x_wconf 76' lang='lat' dir='ltr'><strong>praelectusprmtorioGallicanis</strong></span> <span class='ocrx_word' id='word_1_449' title='bbox 1438 3564 1788 3637; x_wconf 78' lang='lat' dir='ltr'><strong>tribunalibuspraesiderett</strong></span> 
     </span>
     <span class='ocr_line' id='line_1_36' title="bbox 300 3626 1791 3729; baseline 0.008 -24"><span class='ocrx_word' id='word_1_450' title='bbox 300 3627 452 3685; x_wconf 51' lang='grc' dir='ltr'><strong>ΝΜ·</strong></span> <span class='ocrx_word' id='word_1_451' title='bbox 470 3627 618 3683; x_wconf 66' lang='lat' dir='ltr'><strong>Nmm‘w</strong></span> <span class='ocrx_word' id='word_1_452' title='bbox 634 3642 682 3683; x_wconf 67' lang='lat'><strong>⁸⁸⁰</strong></span> <span class='ocrx_word' id='word_1_453' title='bbox 693 3626 813 3683; x_wconf 63' lang='lat' dir='ltr'><strong>mmm·</strong></span> <span class='ocrx_word' id='word_1_454' title='bbox 1001 3657 1051 3713; x_wconf 88' lang='lat' dir='ltr'><strong>sub</strong></span> <span class='ocrx_word' id='word_1_455' title='bbox 1076 3656 1152 3726; x_wconf 82' lang='lat' dir='ltr'><strong>cujus</strong></span> <span class='ocrx_word' id='word_1_456' title='bbox 1179 3656 1304 3714; x_wconf 88' lang='lat' dir='ltr'><strong>videlicet</strong></span> <span class='ocrx_word' id='word_1_457' title='bbox 1329 3657 1501 3729; x_wconf 71' lang='lat' dir='ltr'><strong>magbtratn,</strong></span> <span class='ocrx_word' id='word_1_458' title='bbox 1515 3656 1531 3698; x_wconf 69' lang='lat'><strong>⁴</strong></span> <span class='ocrx_word' id='word_1_459' title='bbox 1544 3658 1638 3717; x_wconf 89' lang='lat' dir='ltr'><strong>consul</strong></span> <span class='ocrx_word' id='word_1_460' title='bbox 1667 3656 1791 3717; x_wconf 77' lang='lat' dir='ltr'><strong>eatenus</strong></span> 
     </span>
     <span class='ocr_line' id='line_1_37' title="bbox 197 3739 1787 3821; baseline 0.002 -20"><span class='ocrx_word' id='word_1_461' title='bbox 197 3744 231 3801; x_wconf 79' lang='lat' dir='ltr'><strong>(i.</strong></span> <span class='ocrx_word' id='word_1_462' title='bbox 247 3739 384 3800; x_wconf 70' lang='lat' dir='ltr'><strong>Cesarem</strong></span> <span class='ocrx_word' id='word_1_463' title='bbox 407 3743 575 3809; x_wconf 88' lang='lat' dir='ltr'><strong>dictatorem,</strong></span> <span class='ocrx_word' id='word_1_464' title='bbox 597 3755 650 3813; x_wconf 92' lang='lat' dir='ltr'><strong>quo</strong></span> <span class='ocrx_word' id='word_1_465' title='bbox 665 3741 756 3799; x_wconf 89' lang='lat' dir='ltr'><strong>ierunt</strong></span> <span class='ocrx_word' id='word_1_466' title='bbox 774 3741 875 3799; x_wconf 88' lang='lat' dir='ltr'><strong>nullttut</strong></span> <span class='ocrx_word' id='word_1_467' title='bbox 890 3756 949 3799; x_wconf 87' lang='lat' dir='ltr'><strong>rem</strong></span> <span class='ocrx_word' id='word_1_468' title='bbox 977 3741 980 3749; x_wconf 88' lang='lat'>&#39;</span> <span class='ocrx_word' id='word_1_469' title='bbox 1000 3749 1064 3803; x_wconf 92' lang='lat' dir='ltr'><strong>anni</strong></span> <span class='ocrx_word' id='word_1_470' title='bbox 1074 3748 1115 3805; x_wconf 89' lang='lat' dir='ltr'><strong>sui</strong></span> <span class='ocrx_word' id='word_1_471' title='bbox 1130 3747 1202 3805; x_wconf 88' lang='lat' dir='ltr'><strong>iores</strong></span> <span class='ocrx_word' id='word_1_472' title='bbox 1217 3751 1337 3805; x_wconf 85' lang='lat' dir='ltr'><strong>uotiuum</strong></span> <span class='ocrx_word' id='word_1_473' title='bbox 1352 3751 1644 3821; x_wconf 89' lang='lat' dir='ltr'><strong>trabeatusapcrnerat.</strong></span> <span class='ocrx_word' id='word_1_474' title='bbox 1661 3742 1787 3806; x_wconf 73' lang='lat' dir='ltr'><strong>adiere·</strong></span> 
     </span>
    </p>
   </div>
   <div class='ocr_carea' id='block_1_12' title="bbox 1000 2175 1910 2249">
    <p class='ocr_par' dir='ltr' id='par_1_14' title="bbox 1000 2175 1910 2249">
     <span class='ocr_line' id='line_1_38' title="bbox 1000 2175 1910 2249; baseline 0.002 -18"><span class='ocrx_word' id='word_1_475' title='bbox 1000 2191 1073 2232; x_wconf 91' lang='lat' dir='ltr'><strong>nuuc</strong></span> <span class='ocrx_word' id='word_1_476' title='bbox 1087 2175 1121 2231; x_wconf 90' lang='lat' dir='ltr'><strong>ad</strong></span> <span class='ocrx_word' id='word_1_477' title='bbox 1134 2176 1202 2232; x_wconf 90' lang='lat' dir='ltr'><strong>iacta</strong></span> <span class='ocrx_word' id='word_1_478' title='bbox 1214 2175 1358 2247; x_wconf 81' lang='lat' dir='ltr'><strong>majorum,</strong></span> <span class='ocrx_word' id='word_1_479' title='bbox 1372 2189 1426 2232; x_wconf 92' lang='lat' dir='ltr'><strong>nou</strong></span> <span class='ocrx_word' id='word_1_480' title='bbox 1442 2176 1632 2245; x_wconf 88' lang='lat' dir='ltr'><strong>inertissimus,</strong></span> <span class='ocrx_word' id='word_1_481' title='bbox 1644 2178 1704 2249; x_wconf 91' lang='lat' dir='ltr'><strong>quis</strong></span> <span class='ocrx_word' id='word_1_482' title='bbox 1717 2191 1788 2248; x_wconf 89' lang='lat' dir='ltr'><strong>quo·</strong></span> <span class='ocrx_word' id='word_1_483' title='bbox 1906 2230 1910 2242; x_wconf 86' lang='grc'>,</span> 
     </span>
    </p>
   </div>
   <div class='ocr_carea' id='block_1_13' title="bbox 162 3832 1881 3913">
    <p class='ocr_par' dir='ltr' id='par_1_15' title="bbox 162 3832 1881 3913">
     <span class='ocr_line' id='line_1_39' title="bbox 162 3832 1881 3913; baseline 0.002 -22"><span class='ocrx_word' id='word_1_484' title='bbox 162 3834 307 3892; x_wconf 89' lang='lat' dir='ltr'><strong>militarem</strong></span> <span class='ocrx_word' id='word_1_485' title='bbox 320 3834 442 3891; x_wconf 84' lang='lat' dir='ltr'><strong>ducalius</strong></span> <span class='ocrx_word' id='word_1_486' title='bbox 452 3832 662 3903; x_wconf 86' lang='lat' dir='ltr'><strong>administrasse,</strong></span> <span class='ocrx_word' id='word_1_487' title='bbox 679 3833 768 3890; x_wconf 90' lang='lat' dir='ltr'><strong>studia</strong></span> <span class='ocrx_word' id='word_1_488' title='bbox 780 3834 897 3891; x_wconf 92' lang='lat' dir='ltr'><strong>dictandi</strong></span> <span class='ocrx_word' id='word_1_489' title='bbox 910 3834 949 3891; x_wconf 92' lang='lat' dir='ltr'><strong>le·</strong></span> <span class='ocrx_word' id='word_1_490' title='bbox 1001 3840 1062 3896; x_wconf 90' lang='lat' dir='ltr'><strong>bam</strong></span> <span class='ocrx_word' id='word_1_491' title='bbox 1076 3839 1150 3896; x_wconf 82' lang='lat' dir='ltr'><strong>sella</strong></span> <span class='ocrx_word' id='word_1_492' title='bbox 1160 3840 1256 3907; x_wconf 86' lang='lat' dir='ltr'><strong>curuli,</strong></span> <span class='ocrx_word' id='word_1_493' title='bbox 1270 3849 1298 3897; x_wconf 92' lang='lat' dir='ltr'><strong>et</strong></span> <span class='ocrx_word' id='word_1_494' title='bbox 1311 3842 1335 3898; x_wconf 92' lang='lat' dir='ltr'><strong>si</strong></span> <span class='ocrx_word' id='word_1_495' title='bbox 1346 3856 1400 3897; x_wconf 92' lang='lat' dir='ltr'><strong>non</strong></span> <span class='ocrx_word' id='word_1_496' title='bbox 1415 3840 1500 3898; x_wconf 89' lang='lat' dir='ltr'><strong>latens</strong></span> <span class='ocrx_word' id='word_1_497' title='bbox 1512 3857 1559 3913; x_wconf 89' lang='lat' dir='ltr'><strong>per</strong></span> <span class='ocrx_word' id='word_1_498' title='bbox 1569 3841 1701 3912; x_wconf 76' lang='lat' dir='ltr'><strong>ordinem,</strong></span> <span class='ocrx_word' id='word_1_499' title='bbox 1717 3847 1790 3896; x_wconf 88' lang='lat' dir='ltr'><strong>certe</strong></span> <span class='ocrx_word' id='word_1_500' title='bbox 1877 3868 1881 3879; x_wconf 74' lang='grc'><strong>«</strong></span> 
     </span>
    </p>
   </div>
   <div class='ocr_carea' id='block_1_14' title="bbox 162 3925 1851 4197">
    <p class='ocr_par' dir='ltr' id='par_1_16' title="bbox 162 3925 1851 4197">
     <span class='ocr_line' id='line_1_40' title="bbox 162 3925 1851 4003; baseline 0.002 -20"><span class='ocrx_word' id='word_1_501' title='bbox 162 3927 328 3998; x_wconf 79' lang='lat' dir='ltr'><strong>euitandique</strong></span> <span class='ocrx_word' id='word_1_502' title='bbox 347 3925 399 3982; x_wconf 87' lang='lat' dir='ltr'><strong>sibi</strong></span> <span class='ocrx_word' id='word_1_503' title='bbox 413 3934 505 3983; x_wconf 85' lang='lat' dir='ltr'><strong>mutuo</strong></span> <span class='ocrx_word' id='word_1_504' title='bbox 518 3926 699 3984; x_wconf 79' lang='lat' dir='ltr'><strong>vindicavero.</strong></span> <span class='ocrx_word' id='word_1_505' title='bbox 719 3925 754 3982; x_wconf 81' lang='lat' dir='ltr'><strong>lit</strong></span> <span class='ocrx_word' id='word_1_506' title='bbox 766 3926 830 3983; x_wconf 89' lang='lat' dir='ltr'><strong>licet</strong></span> <span class='ocrx_word' id='word_1_507' title='bbox 852 3927 880 3983; x_wconf 92' lang='lat' dir='ltr'><strong>in</strong></span> <span class='ocrx_word' id='word_1_508' title='bbox 892 3942 950 3999; x_wconf 89' lang='lat' dir='ltr'><strong>per·</strong></span> <span class='ocrx_word' id='word_1_509' title='bbox 1000 3944 1055 3985; x_wconf 92' lang='lat' dir='ltr'><strong>non</strong></span> <span class='ocrx_word' id='word_1_510' title='bbox 1071 3931 1170 3987; x_wconf 89' lang='lat' dir='ltr'><strong>sedens</strong></span> <span class='ocrx_word' id='word_1_511' title='bbox 1180 3939 1343 4001; x_wconf 80' lang='lat' dir='ltr'><strong>peculatam</strong></span> <span class='ocrx_word' id='word_1_512' title='bbox 1357 3948 1366 3987; x_wconf 82' lang='grc' dir='ltr'><strong>ι</strong></span> <span class='ocrx_word' id='word_1_513' title='bbox 1381 3932 1533 4003; x_wconf 85' lang='lat' dir='ltr'><strong>mistusque</strong></span> <span class='ocrx_word' id='word_1_514' title='bbox 1544 3941 1661 3989; x_wconf 80' lang='lat' dir='ltr'><strong>turmae·</strong></span> <span class='ocrx_word' id='word_1_515' title='bbox 1677 3946 1791 3990; x_wconf 84' lang='lat' dir='ltr'><strong>cenom·</strong></span> <span class='ocrx_word' id='word_1_516' title='bbox 1847 3976 1851 3983; x_wconf 89' lang='lat'><em>.</em></span> 
     </span>
     <span class='ocr_line' id='line_1_41' title="bbox 162 4020 1791 4094; baseline 0 -15"><span class='ocrx_word' id='word_1_517' title='bbox 162 4035 229 4079; x_wconf 90' lang='lat' dir='ltr'><strong>sona</strong></span> <span class='ocrx_word' id='word_1_518' title='bbox 242 4020 322 4077; x_wconf 89' lang='lat' dir='ltr'><strong>unius</strong></span> <span class='ocrx_word' id='word_1_519' title='bbox 342 4020 517 4091; x_wconf 82' lang='lat' dir='ltr'><strong>ejusdemque</strong></span> <span class='ocrx_word' id='word_1_520' title='bbox 535 4028 658 4091; x_wconf 89' lang='lat' dir='ltr'><strong>tompore</strong></span> <span class='ocrx_word' id='word_1_521' title='bbox 675 4033 724 4075; x_wconf 89' lang='lat' dir='ltr'><strong>suo</strong></span> <span class='ocrx_word' id='word_1_522' title='bbox 740 4021 871 4092; x_wconf 88' lang='lat' dir='ltr'><strong>principis</strong></span> <span class='ocrx_word' id='word_1_523' title='bbox 883 4020 946 4089; x_wconf 87' lang='lat' dir='ltr'><strong>riri,</strong></span> <span class='ocrx_word' id='word_1_524' title='bbox 999 4022 1066 4079; x_wconf 88' lang='lat' dir='ltr'><strong>liam</strong></span> <span class='ocrx_word' id='word_1_525' title='bbox 1082 4023 1279 4093; x_wconf 86' lang='lat' dir='ltr'><strong>penulatorum,</strong></span> <span class='ocrx_word' id='word_1_526' title='bbox 1297 4021 1309 4062; x_wconf 70' lang='lat' dir='ltr'><strong>i</strong></span> <span class='ocrx_word' id='word_1_527' title='bbox 1317 4024 1437 4094; x_wconf 77' lang='lat' dir='ltr'><strong>proxime</strong></span> <span class='ocrx_word' id='word_1_528' title='bbox 1446 4024 1550 4081; x_wconf 89' lang='lat' dir='ltr'><strong>consuli</strong></span> <span class='ocrx_word' id='word_1_529' title='bbox 1563 4024 1692 4094; x_wconf 81' lang='lat' dir='ltr'><strong>proximis</strong></span> <span class='ocrx_word' id='word_1_530' title='bbox 1703 4039 1791 4089; x_wconf 79' lang='lat' dir='ltr'><strong>eram,</strong></span> 
     </span>
     <span class='ocr_line' id='line_1_42' title="bbox 162 4111 1784 4197; baseline -0.001 -24"><span class='ocrx_word' id='word_1_531' title='bbox 162 4112 317 4184; x_wconf 89' lang='lat' dir='ltr'><strong>castrensis,</strong></span> <span class='ocrx_word' id='word_1_532' title='bbox 329 4111 506 4185; x_wconf 80' lang='lat' dir='ltr'><strong>oratoriaeque</strong></span> <span class='ocrx_word' id='word_1_533' title='bbox 514 4113 632 4171; x_wconf 79' lang='lat' dir='ltr'><strong>scientiar</strong></span> <span class='ocrx_word' id='word_1_534' title='bbox 641 4126 704 4168; x_wconf 93' lang='lat' dir='ltr'><strong>cura</strong></span> <span class='ocrx_word' id='word_1_535' title='bbox 715 4111 949 4171; x_wconf 82' lang='lat' dir='ltr'><strong>cenareritierme</strong></span> <span class='ocrx_word' id='word_1_536' title='bbox 999 4114 1093 4186; x_wconf 89' lang='lat' dir='ltr'><strong>ltaque</strong></span> <span class='ocrx_word' id='word_1_537' title='bbox 1111 4121 1142 4171; x_wconf 91' lang='lat' dir='ltr'><strong>ut</strong></span> <span class='ocrx_word' id='word_1_538' title='bbox 1155 4114 1270 4171; x_wconf 74' lang='lat' dir='ltr'><strong>numum</strong></span> <span class='ocrx_word' id='word_1_539' title='bbox 1288 4114 1388 4171; x_wconf 79' lang='lat' dir='ltr'><strong>brevit</strong></span> <span class='ocrx_word' id='word_1_540' title='bbox 1403 4123 1511 4172; x_wconf 83' lang='lat' dir='ltr'><strong>peracta</strong></span> <span class='ocrx_word' id='word_1_541' title='bbox 1531 4127 1582 4171; x_wconf 89' lang='lat' dir='ltr'><strong>nec</strong></span> <span class='ocrx_word' id='word_1_542' title='bbox 1596 4114 1687 4197; x_wconf 87' lang='lat' dir='ltr'><strong>brevis</strong></span> <span class='ocrx_word' id='word_1_543' title='bbox 1706 4128 1784 4186; x_wconf 88' lang='lat' dir='ltr'><strong>spor-</strong></span> 
     </span>
    </p>
   </div>
   <div class='ocr_carea' id='block_1_15' title="bbox 161 4311 1864 5581">
    <p class='ocr_par' dir='ltr' id='par_1_17' title="bbox 161 4311 1790 4581">
     <span class='ocr_line' id='line_1_43' title="bbox 197 4311 1789 4387; baseline 0.001 -14"><span class='ocrx_word' id='word_1_544' title='bbox 197 4327 212 4358; x_wconf 72' lang='grc' dir='ltr'><strong>ι</strong></span> <span class='ocrx_word' id='word_1_545' title='bbox 226 4316 285 4373; x_wconf 89' lang='lat' dir='ltr'><strong>Non</strong></span> <span class='ocrx_word' id='word_1_546' title='bbox 298 4315 382 4387; x_wconf 88' lang='lat' dir='ltr'><strong>liquet</strong></span> <span class='ocrx_word' id='word_1_547' title='bbox 395 4331 429 4373; x_wconf 90' lang='lat' dir='ltr'><strong>an</strong></span> <span class='ocrx_word' id='word_1_548' title='bbox 443 4315 488 4371; x_wconf 86' lang='lat' dir='ltr'><strong>iric</strong></span> <span class='ocrx_word' id='word_1_549' title='bbox 507 4315 543 4373; x_wconf 88' lang='lat' dir='ltr'><strong>ait</strong></span> <span class='ocrx_word' id='word_1_550' title='bbox 560 4315 707 4381; x_wconf 81' lang='lat' dir='ltr'><strong>Namatius,</strong></span> <span class='ocrx_word' id='word_1_551' title='bbox 721 4328 852 4372; x_wconf 90' lang='lat' dir='ltr'><strong>consocer</strong></span> <span class='ocrx_word' id='word_1_552' title='bbox 864 4311 944 4372; x_wconf 83' lang='lat' dir='ltr'><strong>ttnn-</strong></span> <span class='ocrx_word' id='word_1_553' title='bbox 997 4324 1074 4387; x_wconf 88' lang='lat' dir='ltr'><strong>puter</strong></span> <span class='ocrx_word' id='word_1_554' title='bbox 1093 4315 1195 4372; x_wconf 88' lang='lat' dir='ltr'><strong>Sidonii</strong></span> <span class='ocrx_word' id='word_1_555' title='bbox 1215 4314 1360 4372; x_wconf 81' lang='lat' dir='ltr'><strong>Galliarum</strong></span> <span class='ocrx_word' id='word_1_556' title='bbox 1381 4315 1511 4374; x_wconf 85' lang='lat' dir='ltr'><strong>soliditati</strong></span> <span class='ocrx_word' id='word_1_557' title='bbox 1530 4316 1676 4387; x_wconf 82' lang='lat' dir='ltr'><strong>preiuisse,</strong></span> <span class='ocrx_word' id='word_1_558' title='bbox 1698 4317 1746 4374; x_wconf 86' lang='lat' dir='ltr'><strong>lilr.</strong></span> <span class='ocrx_word' id='word_1_559' title='bbox 1761 4335 1789 4385; x_wconf 87' lang='lat' dir='ltr'><strong>r,</strong></span> 
     </span>
     <span class='ocr_line' id='line_1_44' title="bbox 161 4384 1789 4469; baseline 0 -25"><span class='ocrx_word' id='word_1_560' title='bbox 161 4387 209 4456; x_wconf 88' lang='lat' dir='ltr'><strong>cii,</strong></span> <span class='ocrx_word' id='word_1_561' title='bbox 222 4388 345 4469; x_wconf 88' lang='lat' dir='ltr'><strong>adquem</strong></span> <span class='ocrx_word' id='word_1_562' title='bbox 357 4394 385 4440; x_wconf 89' lang='lat' dir='ltr'><strong>ct</strong></span> <span class='ocrx_word' id='word_1_563' title='bbox 393 4384 550 4443; x_wconf 80' lang='lat' dir='ltr'><strong>Cerauniam</strong></span> <span class='ocrx_word' id='word_1_564' title='bbox 561 4388 621 4458; x_wconf 80' lang='lat' dir='ltr'><strong>ejus</strong></span> <span class='ocrx_word' id='word_1_565' title='bbox 629 4385 770 4458; x_wconf 88' lang='lat' dir='ltr'><strong>conjugem</strong></span> <span class='ocrx_word' id='word_1_566' title='bbox 781 4394 887 4442; x_wconf 82' lang='lat' dir='ltr'><strong>castam</strong></span> <span class='ocrx_word' id='word_1_567' title='bbox 897 4387 946 4444; x_wconf 91' lang='lat' dir='ltr'><strong>ali·</strong></span> <span class='ocrx_word' id='word_1_568' title='bbox 997 4388 1078 4455; x_wconf 89' lang='lat' dir='ltr'><strong>epist.</strong></span> <span class='ocrx_word' id='word_1_569' title='bbox 1090 4386 1150 4443; x_wconf 78' lang='lat' dir='ltr'><strong>bad</strong></span> <span class='ocrx_word' id='word_1_570' title='bbox 1160 4386 1327 4453; x_wconf 75' lang='lat' dir='ltr'><strong>Aquilinum.</strong></span> <span class='ocrx_word' id='word_1_571' title='bbox 1345 4385 1412 4442; x_wconf 89' lang='lat' dir='ltr'><strong>ilinc</strong></span> <span class='ocrx_word' id='word_1_572' title='bbox 1423 4398 1553 4456; x_wconf 75' lang='lat' dir='ltr'><strong>preterea</strong></span> <span class='ocrx_word' id='word_1_573' title='bbox 1568 4387 1675 4444; x_wconf 89' lang='lat' dir='ltr'><strong>ducitur</strong></span> <span class='ocrx_word' id='word_1_574' title='bbox 1685 4390 1789 4458; x_wconf 85' lang='lat' dir='ltr'><strong>epoclua</strong></span> 
     </span>
     <span class='ocr_line' id='line_1_45' title="bbox 162 4456 1790 4581; baseline 0.001 -68"><span class='ocrx_word' id='word_1_575' title='bbox 162 4469 228 4530; x_wconf 92' lang='lat' dir='ltr'><strong>quot</strong></span> <span class='ocrx_word' id='word_1_576' title='bbox 241 4458 360 4528; x_wconf 82' lang='lat' dir='ltr'><strong>epistolae</strong></span> <span class='ocrx_word' id='word_1_577' title='bbox 375 4458 475 4538; x_wconf 76' lang='lat' dir='ltr'><strong>tissimi</strong></span> <span class='ocrx_word' id='word_1_578' title='bbox 487 4456 617 4527; x_wconf 81' lang='lat' dir='ltr'><strong>eiusdem.</strong></span> <span class='ocrx_word' id='word_1_579' title='bbox 696 4526 702 4539; x_wconf 31' lang='grc' dir='ltr'>ι</span> <span class='ocrx_word' id='word_1_580' title='bbox 997 4457 1084 4513; x_wconf 78' lang='lat' dir='ltr'><strong>etatis</strong></span> <span class='ocrx_word' id='word_1_581' title='bbox 1098 4456 1214 4540; x_wconf 77' lang='lat' dir='ltr'><strong>Sidonii,</strong></span> <span class='ocrx_word' id='word_1_582' title='bbox 1234 4459 1278 4581; x_wconf 58' lang='lat' dir='ltr'><strong>aui</strong></span> <span class='ocrx_word' id='word_1_583' title='bbox 1294 4471 1324 4513; x_wconf 89' lang='lat' dir='ltr'><strong>se</strong></span> <span class='ocrx_word' id='word_1_584' title='bbox 1347 4470 1395 4526; x_wconf 91' lang='lat' dir='ltr'><strong>per</strong></span> <span class='ocrx_word' id='word_1_585' title='bbox 1415 4457 1443 4514; x_wconf 92' lang='lat' dir='ltr'><strong>id</strong></span> <span class='ocrx_word' id='word_1_586' title='bbox 1456 4465 1563 4529; x_wconf 76' lang='lat' dir='ltr'><strong>mmpus</strong></span> <span class='ocrx_word' id='word_1_587' title='bbox 1582 4458 1790 4515; x_wconf 88' lang='lat' dir='ltr'><strong>adolescentiam</strong></span> 
     </span>
    </p>

    <p class='ocr_par' dir='ltr' id='par_1_18' title="bbox 163 4526 1864 5581">
     <span class='ocr_line' id='line_1_46' title="bbox 199 4526 1307 4599; baseline -0.003 -15"><span class='ocrx_word' id='word_1_588' title='bbox 199 4526 422 4598; x_wconf 66' lang='lat' dir='ltr'><strong>¹’Lugdunensis</strong></span> <span class='ocrx_word' id='word_1_589' title='bbox 447 4543 479 4583; x_wconf 83' lang='lat' dir='ltr'><strong>er</strong></span> <span class='ocrx_word' id='word_1_590' title='bbox 500 4529 628 4585; x_wconf 87' lang='lat' dir='ltr'><strong>aduocato</strong></span> <span class='ocrx_word' id='word_1_591' title='bbox 647 4527 717 4585; x_wconf 81' lang='lat' dir='ltr'><strong>sedis</strong></span> <span class='ocrx_word' id='word_1_592' title='bbox 730 4527 897 4599; x_wconf 69' lang='lat' dir='ltr'><strong>preteritum</strong></span> <span class='ocrx_word' id='word_1_593' title='bbox 918 4538 947 4585; x_wconf 90' lang='lat' dir='ltr'><strong>ct</strong></span> <span class='ocrx_word' id='word_1_594' title='bbox 999 4528 1151 4598; x_wconf 87' lang='lat' dir='ltr'><strong>ingressum</strong></span> <span class='ocrx_word' id='word_1_595' title='bbox 1161 4528 1231 4597; x_wconf 82' lang='lat' dir='ltr'><strong>signi</strong></span> <span class='ocrx_word' id='word_1_596' title='bbox 1254 4535 1307 4582; x_wconf 82' lang='lat' dir='ltr'><strong>cat.</strong></span> 
     </span>
     <span class='ocr_line' id='line_1_47' title="bbox 163 4596 1791 4670; baseline 0.001 -17"><span class='ocrx_word' id='word_1_597' title='bbox 163 4612 311 4664; x_wconf 82' lang='lat' dir='ltr'><strong>asseasme,</strong></span> <span class='ocrx_word' id='word_1_598' title='bbox 323 4599 365 4652; x_wconf 88' lang='lat' dir='ltr'><strong>vir</strong></span> <span class='ocrx_word' id='word_1_599' title='bbox 379 4597 544 4665; x_wconf 87' lang='lat' dir='ltr'><strong>spectabilis.</strong></span> <span class='ocrx_word' id='word_1_600' title='bbox 561 4600 627 4655; x_wconf 78' lang='lat' dir='ltr'><strong>Tres</strong></span> <span class='ocrx_word' id='word_1_601' title='bbox 649 4609 739 4653; x_wconf 87' lang='lat' dir='ltr'><strong>autem</strong></span> <span class='ocrx_word' id='word_1_602' title='bbox 755 4599 945 4656; x_wconf 79' lang='lat' dir='ltr'><strong>incineratorum</strong></span> <span class='ocrx_word' id='word_1_603' title='bbox 1036 4596 1177 4654; x_wconf 65' lang='lat' dir='ltr'><strong>“Tuccius</strong></span> <span class='ocrx_word' id='word_1_604' title='bbox 1197 4597 1289 4653; x_wconf 82' lang='lat' dir='ltr'><strong>unum</strong></span> <span class='ocrx_word' id='word_1_605' title='bbox 1303 4597 1437 4665; x_wconf 71' lang='lat' dir='ltr'><strong>deterius,</strong></span> <span class='ocrx_word' id='word_1_606' title='bbox 1458 4613 1519 4655; x_wconf 92' lang='lat' dir='ltr'><strong>cum</strong></span> <span class='ocrx_word' id='word_1_607' title='bbox 1531 4597 1682 4670; x_wconf 73' lang='lat' dir='ltr'><strong>Protogene</strong></span> <span class='ocrx_word' id='word_1_608' title='bbox 1695 4600 1791 4657; x_wconf 89' lang='lat' dir='ltr'><strong>consul</strong></span> 
     </span>
     <span class='ocr_line' id='line_1_48' title="bbox 164 4666 1789 4786; baseline 0.002 -63"><span class='ocrx_word' id='word_1_609' title='bbox 164 4670 267 4751; x_wconf 81' lang='lat' dir='ltr'><strong>gradus</strong></span> <span class='ocrx_word' id='word_1_610' title='bbox 280 4670 306 4721; x_wconf 90' lang='lat' dir='ltr'><strong>in</strong></span> <span class='ocrx_word' id='word_1_611' title='bbox 320 4683 372 4723; x_wconf 91' lang='lat' dir='ltr'><strong>uno</strong></span> <span class='ocrx_word' id='word_1_612' title='bbox 386 4668 518 4735; x_wconf 81' lang='lat' dir='ltr'><strong>distinxit,</strong></span> <span class='ocrx_word' id='word_1_613' title='bbox 537 4667 752 4752; x_wconf 77' lang='lat' dir='ltr'><strong>clarissimatnm,</strong></span> <span class='ocrx_word' id='word_1_614' title='bbox 767 4670 946 4754; x_wconf 69' lang='lat' dir='ltr'><strong>smctalrilita·</strong></span> <span class='ocrx_word' id='word_1_615' title='bbox 962 4683 1083 4786; x_wconf 66' lang='lat' dir='ltr'><strong>Dauno,</strong></span> <span class='ocrx_word' id='word_1_616' title='bbox 1105 4676 1134 4725; x_wconf 93' lang='lat' dir='ltr'><strong>ut</strong></span> <span class='ocrx_word' id='word_1_617' title='bbox 1147 4668 1201 4736; x_wconf 78' lang='lat' dir='ltr'><strong>iant</strong></span> <span class='ocrx_word' id='word_1_618' title='bbox 1221 4666 1287 4749; x_wconf 82' lang='lat' dir='ltr'><strong>dixi,</strong></span> <span class='ocrx_word' id='word_1_619' title='bbox 1301 4667 1366 4724; x_wconf 82' lang='lat' dir='ltr'><strong>itt.</strong></span> <span class='ocrx_word' id='word_1_620' title='bbox 1383 4668 1420 4724; x_wconf 86' lang='lat' dir='ltr'><strong>oe</strong></span> <span class='ocrx_word' id='word_1_621' title='bbox 1434 4682 1468 4724; x_wconf 94' lang='lat' dir='ltr'><strong>so</strong></span> <span class='ocrx_word' id='word_1_622' title='bbox 1487 4670 1614 4725; x_wconf 88' lang='lat' dir='ltr'><strong>nonnulla</strong></span> <span class='ocrx_word' id='word_1_623' title='bbox 1633 4671 1789 4754; x_wconf 70' lang='lat' dir='ltr'><strong>observavi·</strong></span> 
     </span>
     <span class='ocr_line' id='line_1_49' title="bbox 163 4737 1792 4891; baseline -0.006 -26"><span class='ocrx_word' id='word_1_624' title='bbox 163 4738 949 4891; x_wconf 57' lang='lat' dir='ltr'><strong>iii&#39;tl&#39;tiiflduitiillliniidiiiuili‘iiii</strong></span> <span class='ocrx_word' id='word_1_625' title='bbox 1002 4737 1792 4891; x_wconf 56' lang='lat' dir='ltr'><strong>uit&#39;inilillmlllt,illidiumillul:</strong></span> 
     </span>
     <span class='ocr_line' id='line_1_50' title="bbox 163 4877 1792 4964; baseline 0.002 -30"><span class='ocrx_word' id='word_1_626' title='bbox 163 4894 223 4935; x_wconf 86' lang='lat' dir='ltr'><strong>rem</strong></span> <span class='ocrx_word' id='word_1_627' title='bbox 238 4878 387 4935; x_wconf 82' lang='lat' dir='ltr'><strong>Uticensem</strong></span> <span class='ocrx_word' id='word_1_628' title='bbox 404 4881 449 4934; x_wconf 82' lang='lat' dir='ltr'><strong>luit.</strong></span> <span class='ocrx_word' id='word_1_629' title='bbox 466 4894 493 4933; x_wconf 87' lang='lat' dir='ltr'><strong>ut</strong></span> <span class='ocrx_word' id='word_1_630' title='bbox 514 4878 687 4949; x_wconf 80' lang='lat' dir='ltr'><strong>designantur</strong></span> <span class='ocrx_word' id='word_1_631' title='bbox 705 4879 827 4944; x_wconf 79' lang='lat' dir='ltr'><strong>illustret,</strong></span> <span class='ocrx_word' id='word_1_632' title='bbox 848 4891 948 4964; x_wconf 71' lang='grc' dir='ltr'>ιριιιι·</span> <span class='ocrx_word' id='word_1_633' title='bbox 1002 4880 1120 4936; x_wconf 84' lang='lat' dir='ltr'><strong>sulatum</strong></span> <span class='ocrx_word' id='word_1_634' title='bbox 1133 4877 1228 4932; x_wconf 83' lang='lat' dir='ltr'><strong>inisse.</strong></span> <span class='ocrx_word' id='word_1_635' title='bbox 1245 4878 1292 4932; x_wconf 83' lang='lat' dir='ltr'><strong>Sic</strong></span> <span class='ocrx_word' id='word_1_636' title='bbox 1314 4893 1387 4933; x_wconf 84' lang='lat' dir='ltr'><strong>enim</strong></span> <span class='ocrx_word' id='word_1_637' title='bbox 1410 4879 1444 4933; x_wconf 90' lang='lat' dir='ltr'><strong>de</strong></span> <span class='ocrx_word' id='word_1_638' title='bbox 1457 4880 1502 4934; x_wconf 87' lang='lat' dir='ltr'><strong>uilo</strong></span> <span class='ocrx_word' id='word_1_639' title='bbox 1519 4880 1612 4936; x_wconf 86' lang='lat' dir='ltr'><strong>scribit</strong></span> <span class='ocrx_word' id='word_1_640' title='bbox 1625 4881 1676 4935; x_wconf 91' lang='lat' dir='ltr'><strong>sub</strong></span> <span class='ocrx_word' id='word_1_641' title='bbox 1691 4894 1792 4938; x_wconf 83' lang='lat' dir='ltr'><strong>annuus</strong></span> 
     </span>
     <span class='ocr_line' id='line_1_51' title="bbox 163 4947 1792 5020; baseline 0.001 -17"><span class='ocrx_word' id='word_1_642' title='bbox 163 4950 390 5015; x_wconf 58' lang='lat' dir='ltr'><strong>itinnaenctorer,</strong></span> <span class='ocrx_word' id='word_1_643' title='bbox 406 4950 456 5003; x_wconf 85' lang='lat' dir='ltr'><strong>iuoc</strong></span> <span class='ocrx_word' id='word_1_644' title='bbox 469 4960 511 5003; x_wconf 85' lang='lat' dir='ltr'><strong>eet</strong></span> <span class='ocrx_word' id='word_1_645' title='bbox 529 4948 680 5005; x_wconf 83' lang='lat' dir='ltr'><strong>clarissimi.</strong></span> <span class='ocrx_word' id='word_1_646' title='bbox 694 4948 727 5002; x_wconf 84' lang='lat' dir='ltr'><strong>Et</strong></span> <span class='ocrx_word' id='word_1_647' title='bbox 739 4962 755 5011; x_wconf 86' lang='lat' dir='ltr'><strong>e</strong></span> <span class='ocrx_word' id='word_1_648' title='bbox 773 4948 868 5017; x_wconf 82' lang='lat' dir='ltr'><strong>triplici</strong></span> <span class='ocrx_word' id='word_1_649' title='bbox 879 4951 948 5020; x_wconf 81' lang='lat' dir='ltr'><strong>judi·</strong></span> <span class='ocrx_word' id='word_1_650' title='bbox 1001 4949 1056 5007; x_wconf 81' lang='grc'><strong>440</strong></span> <span class='ocrx_word' id='word_1_651' title='bbox 1068 4966 1076 5003; x_wconf 78' lang='grc' dir='ltr'><strong>ι</strong></span> <span class='ocrx_word' id='word_1_652' title='bbox 1090 4948 1206 5003; x_wconf 71' lang='lat' dir='ltr'><strong>isumus</strong></span> <span class='ocrx_word' id='word_1_653' title='bbox 1215 4947 1412 5018; x_wconf 70' lang='lat' dir='ltr'><strong>demetriosque</strong></span> <span class='ocrx_word' id='word_1_654' title='bbox 1421 4949 1521 5005; x_wconf 83' lang='lat' dir='ltr'><strong>militie</strong></span> <span class='ocrx_word' id='word_1_655' title='bbox 1531 4950 1566 5004; x_wconf 89' lang='lat' dir='ltr'><strong>nd</strong></span> <span class='ocrx_word' id='word_1_656' title='bbox 1580 4948 1722 5019; x_wconf 79' lang='lat' dir='ltr'><strong>Hispanias</strong></span> <span class='ocrx_word' id='word_1_657' title='bbox 1731 4953 1792 5005; x_wconf 67' lang='lat' dir='ltr'><strong>mis</strong></span> 
     </span>
     <span class='ocr_line' id='line_1_52' title="bbox 163 5016 1791 5089; baseline -0.001 -14"><span class='ocrx_word' id='word_1_658' title='bbox 163 5034 225 5075; x_wconf 82' lang='lat' dir='ltr'><strong>caum</strong></span> <span class='ocrx_word' id='word_1_659' title='bbox 237 5019 320 5088; x_wconf 88' lang='lat' dir='ltr'><strong>gradu</strong></span> <span class='ocrx_word' id='word_1_660' title='bbox 332 5018 510 5089; x_wconf 78' lang='lat' dir='ltr'><strong>provinciales</strong></span> <span class='ocrx_word' id='word_1_661' title='bbox 524 5028 644 5075; x_wconf 87' lang='lat' dir='ltr'><strong>rectores</strong></span> <span class='ocrx_word' id='word_1_662' title='bbox 656 5017 795 5073; x_wconf 68' lang='lat' dir='ltr'><strong>cismarini</strong></span> <span class='ocrx_word' id='word_1_663' title='bbox 809 5030 896 5087; x_wconf 84' lang='lat' dir='ltr'><strong>erant,</strong></span> <span class='ocrx_word' id='word_1_664' title='bbox 909 5022 951 5078; x_wconf 91' lang='lat' dir='ltr'><strong>ri·</strong></span> <span class='ocrx_word' id='word_1_665' title='bbox 1001 5036 1044 5076; x_wconf 91' lang='grc' dir='ltr'><strong>ιιι</strong></span> <span class='ocrx_word' id='word_1_666' title='bbox 1061 5016 1292 5073; x_wconf 79' lang='lat' dir='ltr'><strong>Turroeomnrium</strong></span> <span class='ocrx_word' id='word_1_667' title='bbox 1305 5018 1380 5074; x_wconf 83' lang='lat' dir='ltr'><strong>coedit</strong></span> <span class='ocrx_word' id='word_1_668' title='bbox 1397 5018 1584 5075; x_wconf 81' lang='lat' dir='ltr'><strong>multitudinem</strong></span> <span class='ocrx_word' id='word_1_669' title='bbox 1597 5018 1791 5075; x_wconf 73' lang='lat' dir='ltr'><strong>bacaudarum.</strong></span> 
     </span>
     <span class='ocr_line' id='line_1_53' title="bbox 163 5087 1792 5161; baseline 0 -16"><span class='ocrx_word' id='word_1_670' title='bbox 163 5090 228 5145; x_wconf 89' lang='lat' dir='ltr'><strong>carii</strong></span> <span class='ocrx_word' id='word_1_671' title='bbox 251 5089 381 5158; x_wconf 83' lang='lat' dir='ltr'><strong>majorum</strong></span> <span class='ocrx_word' id='word_1_672' title='bbox 394 5090 540 5145; x_wconf 80' lang='lat' dir='ltr'><strong>dioecesmn</strong></span> <span class='ocrx_word' id='word_1_673' title='bbox 562 5088 730 5158; x_wconf 81' lang='lat' dir='ltr'><strong>spectabiles,</strong></span> <span class='ocrx_word' id='word_1_674' title='bbox 753 5088 871 5156; x_wconf 74' lang='lat' dir='ltr'><strong>preteeti</strong></span> <span class='ocrx_word' id='word_1_675' title='bbox 886 5105 950 5161; x_wconf 87' lang='lat' dir='ltr'><strong>prae·</strong></span> <span class='ocrx_word' id='word_1_676' title='bbox 1038 5099 1050 5128; x_wconf 66' lang='lat' dir='ltr'><strong>t</strong></span> <span class='ocrx_word' id='word_1_677' title='bbox 1069 5087 1215 5144; x_wconf 82' lang='lat' dir='ltr'><strong>censuales</strong></span> <span class='ocrx_word' id='word_1_678' title='bbox 1239 5089 1310 5143; x_wconf 87' lang='lat' dir='ltr'><strong>enim</strong></span> <span class='ocrx_word' id='word_1_679' title='bbox 1325 5088 1429 5159; x_wconf 90' lang='lat' dir='ltr'><strong>penulis</strong></span> <span class='ocrx_word' id='word_1_680' title='bbox 1441 5088 1478 5143; x_wconf 91' lang='lat' dir='ltr'><strong>uti</strong></span> <span class='ocrx_word' id='word_1_681' title='bbox 1491 5088 1570 5158; x_wconf 79' lang='lat' dir='ltr'><strong>iussi,</strong></span> <span class='ocrx_word' id='word_1_682' title='bbox 1584 5097 1613 5144; x_wconf 91' lang='grc' dir='ltr'><strong>ιι</strong></span> <span class='ocrx_word' id='word_1_683' title='bbox 1625 5090 1718 5146; x_wconf 87' lang='lat' dir='ltr'><strong>oartcri</strong></span> <span class='ocrx_word' id='word_1_684' title='bbox 1730 5090 1792 5146; x_wconf 84' lang='lat' dir='ltr'><strong>uid-</strong></span> 
     </span>
     <span class='ocr_line' id='line_1_54' title="bbox 164 5156 1792 5235; baseline 0.002 -21"><span class='ocrx_word' id='word_1_685' title='bbox 164 5160 236 5216; x_wconf 89' lang='lat' dir='ltr'><strong>torio</strong></span> <span class='ocrx_word' id='word_1_686' title='bbox 253 5158 380 5235; x_wconf 74' lang='lat' dir='ltr'><strong>illustres.</strong></span> <span class='ocrx_word' id='word_1_687' title='bbox 400 5161 530 5227; x_wconf 77' lang='lat' dir='ltr'><strong>Nicetium</strong></span> <span class='ocrx_word' id='word_1_688' title='bbox 550 5160 639 5228; x_wconf 90' lang='lat' dir='ltr'><strong>itaque</strong></span> <span class='ocrx_word' id='word_1_689' title='bbox 653 5158 831 5213; x_wconf 80' lang='lat' dir='ltr'><strong>clarissimum</strong></span> <span class='ocrx_word' id='word_1_690' title='bbox 848 5161 948 5217; x_wconf 87' lang='lat' dir='ltr'><strong>iecerat</strong></span> <span class='ocrx_word' id='word_1_691' title='bbox 1001 5160 1094 5216; x_wconf 89' lang='lat' dir='ltr'><strong>ciales.</strong></span> <span class='ocrx_word' id='word_1_692' title='bbox 1107 5156 1173 5213; x_wconf 83' lang='lat' dir='ltr'><strong>Coti.</strong></span> <span class='ocrx_word' id='word_1_693' title='bbox 1186 5156 1321 5214; x_wconf 79' lang='lat' dir='ltr'><strong>ulmeos.</strong></span> <span class='ocrx_word' id='word_1_694' title='bbox 1336 5157 1370 5214; x_wconf 90' lang='lat' dir='ltr'><strong>dc</strong></span> <span class='ocrx_word' id='word_1_695' title='bbox 1385 5158 1478 5215; x_wconf 88' lang='lat' dir='ltr'><strong>babitu</strong></span> <span class='ocrx_word' id='word_1_696' title='bbox 1489 5174 1543 5230; x_wconf 92' lang='lat' dir='ltr'><strong>quo</strong></span> <span class='ocrx_word' id='word_1_697' title='bbox 1556 5160 1708 5231; x_wconf 87' lang='lat' dir='ltr'><strong>utioportet</strong></span> <span class='ocrx_word' id='word_1_698' title='bbox 1721 5160 1792 5218; x_wconf 81' lang='lat' dir='ltr'><strong>iuvita</strong></span> 
     </span>
     <span class='ocr_line' id='line_1_55' title="bbox 163 5228 1791 5299; baseline 0 -16"><span class='ocrx_word' id='word_1_699' title='bbox 163 5239 239 5284; x_wconf 71' lang='lat' dir='ltr'><strong>ortua</strong></span> <span class='ocrx_word' id='word_1_700' title='bbox 254 5229 402 5284; x_wconf 89' lang='lat' dir='ltr'><strong>senatorius</strong></span> <span class='ocrx_word' id='word_1_701' title='bbox 420 5229 609 5299; x_wconf 87' lang='lat' dir='ltr'><strong>:spectabilem</strong></span> <span class='ocrx_word' id='word_1_702' title='bbox 620 5228 752 5285; x_wconf 81' lang='lat' dir='ltr'><strong>diuturne</strong></span> <span class='ocrx_word' id='word_1_703' title='bbox 766 5228 948 5286; x_wconf 88' lang='lat' dir='ltr'><strong>advocationis</strong></span> <span class='ocrx_word' id='word_1_704' title='bbox 1000 5231 1107 5286; x_wconf 85' lang='lat' dir='ltr'><strong>urbem.</strong></span> <span class='ocrx_word' id='word_1_705' title='bbox 1786 5276 1791 5283; x_wconf 91' lang='lat'>.</span> 
     </span>
     <span class='ocr_line' id='line_1_56' title="bbox 163 5296 1791 5374; baseline 0.001 -20"><span class='ocrx_word' id='word_1_706' title='bbox 163 5301 334 5370; x_wconf 78' lang='lat' dir='ltr'><strong>pretorianae</strong></span> <span class='ocrx_word' id='word_1_707' title='bbox 353 5300 531 5368; x_wconf 84' lang='lat' dir='ltr'><strong>priuilegium,</strong></span> <span class='ocrx_word' id='word_1_708' title='bbox 546 5315 580 5355; x_wconf 84' lang='lat' dir='ltr'><strong>ex</strong></span> <span class='ocrx_word' id='word_1_709' title='bbox 595 5299 704 5354; x_wconf 81' lang='lat' dir='ltr'><strong>Novella</strong></span> <span class='ocrx_word' id='word_1_710' title='bbox 721 5298 900 5355; x_wconf 78' lang='lat' dir='ltr'><strong>valentiniani</strong></span> <span class='ocrx_word' id='word_1_711' title='bbox 915 5300 949 5356; x_wconf 92' lang='lat' dir='ltr'><strong>de</strong></span> <span class='ocrx_word' id='word_1_712' title='bbox 1039 5299 1050 5340; x_wconf 72' lang='lat'><em>¹</em></span> <span class='ocrx_word' id='word_1_713' title='bbox 1070 5301 1099 5356; x_wconf 92' lang='lat' dir='ltr'><strong>lu</strong></span> <span class='ocrx_word' id='word_1_714' title='bbox 1125 5296 1244 5358; x_wconf 88' lang='lat' dir='ltr'><strong>editione</strong></span> <span class='ocrx_word' id='word_1_715' title='bbox 1264 5296 1379 5366; x_wconf 76' lang='lat' dir='ltr'><strong>meoet,</strong></span> <span class='ocrx_word' id='word_1_716' title='bbox 1406 5299 1639 5369; x_wconf 81' lang='lat' dir='ltr'><strong>praeintisronsuli</strong></span> <span class='ocrx_word' id='word_1_717' title='bbox 1658 5300 1791 5374; x_wconf 73' lang='lat' dir='ltr'><strong>prosimus</strong></span> 
     </span>
     <span class='ocr_line' id='line_1_57' title="bbox 163 5368 1081 5453; baseline 0.003 -30"><span class='ocrx_word' id='word_1_718' title='bbox 163 5371 333 5439; x_wconf 87' lang='lat' dir='ltr'><strong>postulando,</strong></span> <span class='ocrx_word' id='word_1_719' title='bbox 342 5384 402 5453; x_wconf 79' lang='lat' dir='ltr'><strong>quae</strong></span> <span class='ocrx_word' id='word_1_720' title='bbox 412 5371 547 5425; x_wconf 87' lang='lat' dir='ltr'><strong>advocatis</strong></span> <span class='ocrx_word' id='word_1_721' title='bbox 557 5378 618 5438; x_wconf 89' lang='lat' dir='ltr'><strong>post</strong></span> <span class='ocrx_word' id='word_1_722' title='bbox 630 5368 664 5425; x_wconf 85' lang='grc'><strong>45</strong></span> <span class='ocrx_word' id='word_1_723' title='bbox 677 5383 762 5425; x_wconf 90' lang='lat' dir='ltr'><strong>annos</strong></span> <span class='ocrx_word' id='word_1_724' title='bbox 770 5368 814 5439; x_wconf 82' lang='lat' dir='ltr'><strong>jus</strong></span> <span class='ocrx_word' id='word_1_725' title='bbox 827 5370 949 5426; x_wconf 88' lang='lat' dir='ltr'><strong>concedit</strong></span> <span class='ocrx_word' id='word_1_726' title='bbox 1000 5386 1081 5426; x_wconf 82' lang='lat' dir='ltr'><strong>erum</strong></span> 
     </span>
     <span class='ocr_line' id='line_1_58' title="bbox 167 5438 1791 5511; baseline 0.002 -19"><span class='ocrx_word' id='word_1_727' title='bbox 167 5440 274 5495; x_wconf 80' lang='lat' dir='ltr'><strong>vicarie</strong></span> <span class='ocrx_word' id='word_1_728' title='bbox 286 5439 434 5510; x_wconf 84' lang='lat' dir='ltr'><strong>dignatatis.</strong></span> <span class='ocrx_word' id='word_1_729' title='bbox 455 5438 587 5497; x_wconf 88' lang='lat' dir='ltr'><strong>llimtrem</strong></span> <span class='ocrx_word' id='word_1_730' title='bbox 609 5440 724 5511; x_wconf 90' lang='lat' dir='ltr'><strong>denique</strong></span> <span class='ocrx_word' id='word_1_731' title='bbox 744 5440 838 5496; x_wconf 89' lang='lat' dir='ltr'><strong>merita</strong></span> <span class='ocrx_word' id='word_1_732' title='bbox 855 5440 949 5496; x_wconf 87' lang='lat' dir='ltr'><strong>redde·</strong></span> <span class='ocrx_word' id='word_1_733' title='bbox 1039 5450 1053 5489; x_wconf 87' lang='grc' dir='ltr'><strong>ι</strong></span> <span class='ocrx_word' id='word_1_734' title='bbox 1073 5439 1207 5496; x_wconf 83' lang='lat' dir='ltr'><strong>solemnia</strong></span> <span class='ocrx_word' id='word_1_735' title='bbox 1220 5450 1344 5505; x_wconf 90' lang='lat' dir='ltr'><strong>munera,</strong></span> <span class='ocrx_word' id='word_1_736' title='bbox 1354 5452 1414 5509; x_wconf 82' lang='lat' dir='ltr'><strong>que</strong></span> <span class='ocrx_word' id='word_1_737' title='bbox 1427 5439 1517 5511; x_wconf 88' lang='lat' dir='ltr'><strong>spargi</strong></span> <span class='ocrx_word' id='word_1_738' title='bbox 1530 5448 1575 5495; x_wconf 88' lang='lat' dir='ltr'><strong>aut</strong></span> <span class='ocrx_word' id='word_1_739' title='bbox 1585 5440 1655 5499; x_wconf 88' lang='lat' dir='ltr'><strong>mitti</strong></span> <span class='ocrx_word' id='word_1_740' title='bbox 1669 5440 1791 5496; x_wconf 89' lang='lat' dir='ltr'><strong>solebant</strong></span> 
     </span>
     <span class='ocr_line' id='line_1_59' title="bbox 164 5508 1864 5581; baseline -0.003 -15"><span class='ocrx_word' id='word_1_741' title='bbox 164 5510 239 5567; x_wconf 80' lang='lat' dir='ltr'><strong>bant</strong></span> <span class='ocrx_word' id='word_1_742' title='bbox 1001 5509 1494 5581; x_wconf 61' lang='lat' dir='ltr'><strong>inauspiciisiconsulatusmtaliorum</strong></span> <span class='ocrx_word' id='word_1_743' title='bbox 1504 5525 1544 5564; x_wconf 88' lang='lat' dir='ltr'><strong>rna</strong></span> <span class='ocrx_word' id='word_1_744' title='bbox 1565 5508 1791 5567; x_wconf 81' lang='lat' dir='ltr'><strong>&#39;stratuum&#39;lre-</strong></span> <span class='ocrx_word' id='word_1_745' title='bbox 1862 5557 1864 5561; x_wconf 81' lang='grc'>,</span> 
     </span>
    </p>
   </div>
   <div class='ocr_carea' id='block_1_16' title="bbox 203 5578 1897 5650">
    <p class='ocr_par' dir='ltr' id='par_1_19' title="bbox 203 5578 1897 5650">
     <span class='ocr_line' id='line_1_60' title="bbox 203 5578 1897 5650; baseline -0.002 -14"><span class='ocrx_word' id='word_1_746' title='bbox 203 5581 314 5637; x_wconf 75' lang='lat' dir='ltr'><strong>⁸l¹atrls</strong></span> <span class='ocrx_word' id='word_1_747' title='bbox 323 5580 365 5637; x_wconf 88' lang='lat' dir='ltr'><strong>sui</strong></span> <span class='ocrx_word' id='word_1_748' title='bbox 376 5579 608 5638; x_wconf 74' lang='lat' dir='ltr'><strong>nomensidonins</strong></span> <span class='ocrx_word' id='word_1_749' title='bbox 620 5595 751 5650; x_wconf 90' lang='lat' dir='ltr'><strong>nusquam</strong></span> <span class='ocrx_word' id='word_1_750' title='bbox 769 5580 866 5647; x_wconf 89' lang='lat' dir='ltr'><strong>prodit.</strong></span> <span class='ocrx_word' id='word_1_751' title='bbox 879 5581 950 5636; x_wconf 79' lang='lat' dir='ltr'><strong>Prae·</strong></span> <span class='ocrx_word' id='word_1_752' title='bbox 1001 5582 1097 5635; x_wconf 71' lang='lat' dir='ltr'><strong>bellica</strong></span> <span class='ocrx_word' id='word_1_753' title='bbox 1113 5579 1244 5636; x_wconf 82' lang='lat' dir='ltr'><strong>Polliodc</strong></span> <span class='ocrx_word' id='word_1_754' title='bbox 1259 5578 1377 5650; x_wconf 89' lang='lat' dir='ltr'><strong>sportula</strong></span> <span class='ocrx_word' id='word_1_755' title='bbox 1392 5578 1526 5636; x_wconf 85' lang='lat' dir='ltr'><strong>Gallieni:</strong></span> <span class='ocrx_word' id='word_1_756' title='bbox 1569 5580 1791 5635; x_wconf 82' lang='lat' dir='ltr'><strong>otrondsadcon·</strong></span> <span class='ocrx_word' id='word_1_757' title='bbox 1894 5636 1897 5639; x_wconf 69' lang='grc'>,</span> 
     </span>
    </p>
   </div>
   <div class='ocr_carea' id='block_1_17' title="bbox 164 5646 1791 5931">
    <p class='ocr_par' dir='ltr' id='par_1_20' title="bbox 164 5646 1791 5931">
     <span class='ocr_line' id='line_1_61' title="bbox 164 5646 1790 5724; baseline -0.002 -19"><span class='ocrx_word' id='word_1_758' title='bbox 164 5648 264 5707; x_wconf 72' lang='grc' dir='ltr'>ιιιιιιι</span> <span class='ocrx_word' id='word_1_759' title='bbox 280 5651 405 5720; x_wconf 81' lang='lat' dir='ltr'><strong>pretorio</strong></span> <span class='ocrx_word' id='word_1_760' title='bbox 422 5648 566 5708; x_wconf 85' lang='lat' dir='ltr'><strong>Galliarum</strong></span> <span class='ocrx_word' id='word_1_761' title='bbox 580 5650 663 5706; x_wconf 87' lang='lat' dir='ltr'><strong>inisse</strong></span> <span class='ocrx_word' id='word_1_762' title='bbox 677 5665 747 5705; x_wconf 85' lang='lat' dir='ltr'><strong>arturo</strong></span> <span class='ocrx_word' id='word_1_763' title='bbox 758 5653 812 5707; x_wconf 86' lang='grc'><strong>448</strong></span> <span class='ocrx_word' id='word_1_764' title='bbox 832 5652 950 5707; x_wconf 88' lang='lat' dir='ltr'><strong>declarat</strong></span> <span class='ocrx_word' id='word_1_765' title='bbox 1000 5651 1114 5706; x_wconf 85' lang='lat' dir='ltr'><strong>sulatum</strong></span> <span class='ocrx_word' id='word_1_766' title='bbox 1128 5666 1204 5706; x_wconf 86' lang='lat' dir='ltr'><strong>auum</strong></span> <span class='ocrx_word' id='word_1_767' title='bbox 1215 5649 1314 5724; x_wconf 78' lang='lat' dir='ltr'><strong>rogarit</strong></span> <span class='ocrx_word' id='word_1_768' title='bbox 1323 5648 1464 5720; x_wconf 84' lang='lat' dir='ltr'><strong>iisdemque</strong></span> <span class='ocrx_word' id='word_1_769' title='bbox 1477 5665 1580 5705; x_wconf 82' lang='lat' dir='ltr'><strong>monum</strong></span> <span class='ocrx_word' id='word_1_770' title='bbox 1593 5649 1641 5703; x_wconf 86' lang='lat' dir='ltr'><strong>sibi</strong></span> <span class='ocrx_word' id='word_1_771' title='bbox 1651 5646 1790 5702; x_wconf 79' lang='lat' dir='ltr'><strong>osculanti·</strong></span> 
     </span>
     <span class='ocr_line' id='line_1_62' title="bbox 164 5717 1790 5792; baseline -0.002 -17"><span class='ocrx_word' id='word_1_772' title='bbox 164 5721 220 5792; x_wconf 71' lang='lat'><strong>03</strong></span> <span class='ocrx_word' id='word_1_773' title='bbox 250 5723 347 5776; x_wconf 73' lang='lat' dir='ltr'><strong>asterii</strong></span> <span class='ocrx_word' id='word_1_774' title='bbox 381 5722 551 5787; x_wconf 78' lang='lat' dir='ltr'><strong>conueniatur,</strong></span> <span class='ocrx_word' id='word_1_775' title='bbox 579 5721 624 5788; x_wconf 89' lang='lat' dir='ltr'><strong>qui</strong></span> <span class='ocrx_word' id='word_1_776' title='bbox 653 5734 750 5775; x_wconf 89' lang='lat' dir='ltr'><strong>nomen</strong></span> <span class='ocrx_word' id='word_1_777' title='bbox 781 5721 855 5776; x_wconf 88' lang='lat' dir='ltr'><strong>dedit</strong></span> <span class='ocrx_word' id='word_1_778' title='bbox 877 5736 948 5776; x_wconf 92' lang='lat' dir='ltr'><strong>auno</strong></span> <span class='ocrx_word' id='word_1_779' title='bbox 1000 5720 1196 5791; x_wconf 85' lang='lat' dir='ltr'><strong>busquaternos</strong></span> <span class='ocrx_word' id='word_1_780' title='bbox 1215 5735 1305 5775; x_wconf 84' lang='lat' dir='ltr'><strong>aureos</strong></span> <span class='ocrx_word' id='word_1_781' title='bbox 1317 5719 1358 5774; x_wconf 90' lang='lat' dir='ltr'><strong>aui</strong></span> <span class='ocrx_word' id='word_1_782' title='bbox 1380 5719 1491 5774; x_wconf 87' lang='lat' dir='ltr'><strong>nominis</strong></span> <span class='ocrx_word' id='word_1_783' title='bbox 1511 5718 1591 5773; x_wconf 87' lang='lat' dir='ltr'><strong>dedit.</strong></span> <span class='ocrx_word' id='word_1_784' title='bbox 1611 5717 1790 5790; x_wconf 81' lang='lat' dir='ltr'><strong>Symmachus</strong></span> 
     </span>
     <span class='ocr_line' id='line_1_63' title="bbox 165 5788 1791 5860; baseline -0.001 -14"><span class='ocrx_word' id='word_1_785' title='bbox 165 5792 229 5846; x_wconf 82' lang='grc'><strong>449.</strong></span> <span class='ocrx_word' id='word_1_786' title='bbox 252 5791 293 5845; x_wconf 81' lang='lat' dir='ltr'><strong>Ob</strong></span> <span class='ocrx_word' id='word_1_787' title='bbox 307 5790 377 5846; x_wconf 85' lang='lat' dir='ltr'><strong>banc</strong></span> <span class='ocrx_word' id='word_1_788' title='bbox 390 5806 454 5860; x_wconf 84' lang='lat' dir='ltr'><strong>crgo</strong></span> <span class='ocrx_word' id='word_1_789' title='bbox 474 5790 657 5860; x_wconf 74' lang='lat' dir='ltr'><strong>prefecturam</strong></span> <span class='ocrx_word' id='word_1_790' title='bbox 681 5788 849 5859; x_wconf 71' lang='lat' dir='ltr'><strong>praefectorio</strong></span> <span class='ocrx_word' id='word_1_791' title='bbox 872 5800 948 5858; x_wconf 89' lang='lat' dir='ltr'><strong>patre</strong></span> <span class='ocrx_word' id='word_1_792' title='bbox 998 5789 1045 5846; x_wconf 90' lang='lat' dir='ltr'><strong>lib.</strong></span> <span class='ocrx_word' id='word_1_793' title='bbox 1067 5806 1104 5855; x_wconf 85' lang='lat' dir='ltr'><strong>ta,</strong></span> <span class='ocrx_word' id='word_1_794' title='bbox 1122 5792 1201 5856; x_wconf 85' lang='lat' dir='ltr'><strong>epist.</strong></span> <span class='ocrx_word' id='word_1_795' title='bbox 1221 5790 1338 5846; x_wconf 87' lang='lat' dir='ltr'><strong>ultima:</strong></span> <span class='ocrx_word' id='word_1_796' title='bbox 1355 5788 1505 5855; x_wconf 77' lang='lat' dir='ltr'><strong>sportulam</strong></span> <span class='ocrx_word' id='word_1_797' title='bbox 1528 5789 1675 5842; x_wconf 84' lang='lat' dir='ltr'><strong>corrrulatua</strong></span> <span class='ocrx_word' id='word_1_798' title='bbox 1700 5788 1748 5844; x_wconf 86' lang='lat' dir='ltr'><strong>mci</strong></span> <span class='ocrx_word' id='word_1_799' title='bbox 1766 5799 1791 5844; x_wconf 84' lang='lat' dir='ltr'><strong>ct</strong></span> 
     </span>
     <span class='ocr_line' id='line_1_64' title="bbox 167 5857 1790 5931; baseline -0.001 -14"><span class='ocrx_word' id='word_1_800' title='bbox 167 5874 245 5917; x_wconf 81' lang='lat' dir='ltr'><strong>iratus</strong></span> <span class='ocrx_word' id='word_1_801' title='bbox 260 5862 294 5917; x_wconf 88' lang='lat' dir='ltr'><strong>ab</strong></span> <span class='ocrx_word' id='word_1_802' title='bbox 307 5860 433 5918; x_wconf 78' lang='lat' dir='ltr'><strong>Arvando</strong></span> <span class='ocrx_word' id='word_1_803' title='bbox 446 5860 681 5930; x_wconf 78' lang='lat' dir='ltr'><strong>dictusilidouiue,</strong></span> <span class='ocrx_word' id='word_1_804' title='bbox 696 5859 742 5917; x_wconf 88' lang='lat' dir='ltr'><strong>lib.</strong></span> <span class='ocrx_word' id='word_1_805' title='bbox 758 5875 778 5923; x_wconf 88' lang='lat' dir='ltr'><strong>t.</strong></span> <span class='ocrx_word' id='word_1_806' title='bbox 789 5859 869 5931; x_wconf 82' lang='lat' dir='ltr'><strong>epist.</strong></span> <span class='ocrx_word' id='word_1_807' title='bbox 882 5861 909 5930; x_wconf 85' lang='lat' dir='ltr'><strong>i,</strong></span> <span class='ocrx_word' id='word_1_808' title='bbox 920 5869 948 5919; x_wconf 85' lang='lat' dir='ltr'><strong>st</strong></span> <span class='ocrx_word' id='word_1_809' title='bbox 998 5859 1117 5916; x_wconf 79' lang='lat' dir='ltr'><strong>amicitur</strong></span> <span class='ocrx_word' id='word_1_810' title='bbox 1138 5870 1232 5917; x_wconf 83' lang='lat' dir='ltr'><strong>nostre</strong></span> <span class='ocrx_word' id='word_1_811' title='bbox 1250 5869 1274 5916; x_wconf 90' lang='grc' dir='ltr'><strong>ιι</strong></span> <span class='ocrx_word' id='word_1_812' title='bbox 1294 5857 1386 5913; x_wconf 78' lang='lat' dir='ltr'><strong>bonosi</strong></span> <span class='ocrx_word' id='word_1_813' title='bbox 1407 5865 1452 5913; x_wconf 90' lang='lat' dir='ltr'><strong>tuo</strong></span> <span class='ocrx_word' id='word_1_814' title='bbox 1465 5857 1554 5915; x_wconf 79' lang='lat' dir='ltr'><strong>deice.</strong></span> <span class='ocrx_word' id='word_1_815' title='bbox 1577 5857 1653 5916; x_wconf 80' lang='lat' dir='ltr'><strong>llum</strong></span> <span class='ocrx_word' id='word_1_816' title='bbox 1665 5860 1692 5917; x_wconf 86' lang='lat' dir='ltr'><strong>in</strong></span> <span class='ocrx_word' id='word_1_817' title='bbox 1707 5860 1790 5917; x_wconf 84' lang='lat' dir='ltr'><strong>aalide</strong></span> 
     </span>
    </p>
   </div>
   <div class='ocr_carea' id='block_1_18' title="bbox 0 0 2051 6340">
    <p class='ocr_par' dir='ltr' id='par_1_21' title="bbox 0 0 2051 6340">
     <span class='ocr_line' id='line_1_65' title="bbox 0 0 2051 6340; baseline 0 0"><span class='ocrx_word' id='word_1_818' title='bbox 0 0 2051 6340; x_wconf 95' lang='lat' dir='ltr'><strong> </strong></span> 
     </span>
    </p>
   </div>
  </div>
 </body>
</html>
