4080 6348
164 371 220 430 'tsb

166 482 235 539 lium
253 483 315 554 nub
326 481 445 541 Persidis
466 472 688 557 expeditionem‚'

105 582 111 594 ¹
166 575 248 648 {401
269 578 324 632 bnt
341 574 464 633 uictricia
484 586 572 635 castra
592 577 740 648 preteribit

167 665 229 721 cmi
250 665 392 737 principis.
411 675 439 722 et
457 664 672 739 perambulatum
733 698 737 709 ι

169 756 297 816 llomanis
315 758 466 829 legionibus
477 758 640 831 ilipbatem:

168 852 253 920 Tum,
272 866 334 908 eum
353 851 466 909 fulmine
485 864 579 925 captus
599 853 755 926 imperator,

170 942 257 998 l'itam
274 941 432 1000 fulminibus
451 959 542 1015 parem
562 946 689 1017 peregitl

203 1035 252 1091 llis
271 1043 301 1090 tu
316 1036 434 1103 civibus,
456 1035 539 1102 urbe,
559 1051 624 1092 rure
643 1036 767 1109 pollens,

168 1136 181 1166 ⁸
202 1126 349 1197 Consenti,
370 1129 436 1184 milui
455 1127 544 1200 gignis
561 1129 633 1187 alme
652 1140 772 1203 patrem,

167 1219 261 1288 illum,
283 1220 326 1277 eui
343 1220 420 1277 nitidi
439 1222 525 1289 sales,
546 1220 672 1295 rigorque

167 1310 306 1367 Romanus
325 1311 376 1368 luit
390 1312 480 1369 Attico
498 1311 527 1370 ln
545 1314 648 1384 lepore.

167 1402 245 1458 llunc
259 1402 378 1460 ilitesins
398 1416 424 1460 et
438 1403 538 1462 Tbnles
556 1413 667 1476 stupere

167 1495 296 1551 nuditum
316 1496 418 1566 putuit,
438 1497 573 1569 simulque
590 1498 677 1556 lindi
690 1507 730 1557 est

167 1586 252 1643 llotus
267 1588 312 1659 qui
326 1584 472 1644 Cleobulus
493 1587 566 1646 inter
586 1605 678 1661 areos,

167 1681 202 1737 lit
218 1692 264 1749 tu,
282 1683 328 1753 qui
342 1680 490 1740 Periandro
507 1682 543 1740 de
561 1682 692 1741 Corintho
712 1698 756 1751 es,

167 1777 203 1832 Et
222 1785 266 1845 tu,
288 1791 368 1848 quem
388 1774 500 1833 dederat
515 1775 578 1833 Bias
598 1774 713 1845 Priene,

167 1872 202 1928 Et
224 1881 253 1928 tu
273 1871 376 1929 littere
392 1870 503 1929 lesbius
523 1870 675 1942 sophistes,

167 1966 202 2023 lit
221 1977 263 2035 tu,
283 1965 328 2035 nui
349 1964 451 2022 tetricis
468 1974 565 2035 potens
581 1963 696 2021 dtbenis

169 2057 260 2114 lincis
275 2055 427 2115 Socraticas
440 2054 525 2113 Solon
543 2055 696 2126 palestrae,

167 2150 202 2204 lit
219 2158 246 2204 ιι
261 2147 410 2220 Tyndareis
428 2154 504 2202 satus
517 2144 668 2215 Tberapnis

165 2239 280 2305 Cbilon,
300 2237 412 2310 legilero
428 2237 503 2309 prior
515 2236 650 2309 Lycurgo.

165 2330 226 2386 Nun
249 2329 292 2385 bie
309 2329 332 2384 si
353 2327 453 2393 voluit,
475 2335 587 2383 vacante
606 2339 686 2394 cura,

165 2421 235 2491 Quis
253 2421 290 2477 sit
308 2418 442 2476 sideribus
461 2426 555 2475 notare
573 2429 685 2485 eunus,

166 2514 292 2570 Diuersus
305 2515 389 2569 bruto
406 2512 464 2567 uias
480 2509 611 2568 cucurrit.

166 2605 227 2661 lion
247 2604 317 2660 bunc
337 2619 399 2661 curn
421 2601 599 2674 genuensibus
617 2602 651 2659 ad
671 2611 744 2660 artes

168 2697 286 2753 ideutcm
305 2695 470 2764 composuit,
493 2694 569 2767 sequi
589 2694 697 2752 ualebat

168 2789 295 2847 Euclides
313 2787 431 2859 spatium
451 2790 541 2845 sciens
559 2788 672 2861 olympi.

167 2883 226 2938 lion
247 2886 336 2952 bunc,
359 2883 383 2940 si
405 2882 489 2940 noluit
506 2891 599 2940 rutsre
618 2883 774 2957 rbytbmos,

167 2973 318 3046 Quidquam
338 2974 475 3046 proposito
493 2975 578 3033 virum
596 2978 695 3034 morari
715 3030 720 3037 .

167 3066 333 3138 Chrysippus
355 3065 487 3137 potuisset
507 3084 541 3124 ex
560 3083 668 3126 aceruo.

168 3158 217 3216 llic
232 3173 296 3216 cum
312 3159 482 3229 amputante
500 3160 626 3233 studebat
642 3161 711 3230 arti,

168 3250 291 3318 Plectru,
310 3251 421 3322 pollice,
440 3269 521 3319 voce,
541 3253 675 3324 tibiaque,

903 374 1068 441 cantltts.

972 491 1125 553 edanum
1144 508 1193 555 seu
1206 497 1391 573 Ctesiphontis
1408 504 1549 575 seducet,

1017 582 1064 639 Vir
1083 598 1190 656 semper
1208 590 1387 660 popularitate
1404 607 1547 662 enudans,

1015 673 1050 729 Et
1062 675 1135 746 juste
1149 679 1270 736 residens
1287 682 1314 737 in
1334 697 1397 741 acue
1416 685 1507 753 tandi,

1014 765 1066 834 Qut
1085 769 1160 827 labro
1179 773 1301 843 genitore
1320 788 1489 848 procreans,

1014 848 1075 916 liris
1093 863 1187 920 maluit
1204 866 1326 938 expolire
1342 869 1444 925 lionam.

1014 949 1084 1018 Quid
1104 968 1153 1011 uus
1169 955 1268 1028 eloquii
1289 972 1383 1015 canam
1399 960 1486 1018 latini

1013 1041 1145 1114 Arpinas,
1166 1047 1313 1118 Patavina,
1328 1051 1490 1109 limbauel

1014 1134 1050 1190 El
1067 1144 1109 1203 te,
1127 1138 1231 1194 comica
1247 1143 1291 1210 qui
1307 1143 1407 1209 doces,
1424 1143 1555 1201 Terentii

1015 1224 1050 1282 Et
1064 1228 1108 1295 te',
1125 1234 1245 1298 tempore
1258 1231 1303 1301 qui
1324 1238 1399 1288 satus
1413 1247 1526 1301 utero,

1013 1316 1109 1375 Grsins
1123 1320 1216 1379 Plaute
1235 1324 1307 1381 sales
1322 1325 1414 1397 tepere
1428 1327 1546 1384 unnsbt
1590 1372 1595 1379 .

1014 1409 1050 1465 Et
1067 1419 1092 1467 te
1107 1413 1266 1472 multimoda
1281 1418 1348 1473 satis
1361 1419 1510 1477 remotum

1013 1503 1180 1573 scriptorum
1200 1508 1409 1576 numerositas,
1431 1509 1539 1567 iamsi

1012 1590 1093 1664 wa
1110 1594 1143 1649 bt
1163 1603 1189 1650 te
1202 1597 1248 1666 qui
1263 1597 1394 1655 brevitate
1406 1599 1501 1670 Crispe
1513 1599 1620 1670 polleni

1013 1684 1047 1739 Et
1061 1685 1106 1752 nui
1121 1701 1169 1755 pro
1183 1687 1292 1757 iugenio
1305 1687 1406 1749 tinente
1420 1691 1490 1747 nulli

1013 1772 1122 1832 Corneli
1138 1777 1230 1834 Tacite
1248 1793 1278 1836 es
1298 1780 1426 1838 beandus
1444 1783 1504 1841 mil

977 1860 1002 1928 li
1017 1866 1048 1921 Et
1064 1876 1089 1922 te
1104 1866 1311 1926 Massiliensium
1325 1887 1374 1942 pcc
1386 1871 1482 1930 burtos

1014 1957 1089 2014 Sacri
1105 1957 1219 2030 stipitis,
1236 1959 1354 2029 dubitet,
1374 1961 1502 2020 colonum

1014 2048 1230 2120 Hellespontiaco
1251 2066 1345 2122 perenn
1362 2052 1484 2124 Priapol

1015 2140 1049 2196 Et
1064 2150 1090 2196 te
1104 2141 1224 2197 earmina
1239 2156 1288 2213 per
1303 2141 1446 2200 libidinose

1013 2231 1110 2289 Notum
1125 2231 1196 2289 Naso
1217 2242 1304 2290 tener.
1318 2234 1472 2305 Tomosque
1485 2235 1616 2303 missum

1013 2323 1153 2392 Quondam
1168 2324 1292 2383 cesarem
1313 2326 1393 2383 nimis
1408 2327 1505 2399 puello

906 2469 908 2473 ,
1013 2417 1090 2475 Picto
1105 2420 1214 2475 nomine
1228 2420 1365 2477 subditum
1380 2420 1516 2479 Curiano.

1015 2516 1025 2546 ¹
1038 2515 1107 2582 Quid
1122 2514 1212 2573 celsos
1225 2515 1344 2573 Senones
1358 2516 1462 2587 lunum,
1476 2516 1519 2573 vel
1531 2515 1606 2575 illum

1013 2608 1099 2677 Quem
1110 2608 1157 2665 dat
1171 2608 1275 2665 Bilbilis
1289 2608 1344 2669 alta
1357 2608 1522 2676 unomen,

1014 2701 1158 2759 Terrarum
1172 2702 1312 2775 indigenas
1326 2704 1533 2761 iliberiesruml

1013 2795 1083 2864 Quid
1096 2811 1165 2868 quos
1178 2796 1329 2867 duplicibus
1340 2797 1432 2868 inumata
1443 2798 1521 2855 taedis

1013 2887 1172 2958 Argentaria
1188 2887 1201 2927 P
1217 2886 1291 2944 Pulla
1302 2887 1348 2944 dat
1362 2870 1475 2959 poetas?

1016 2977 1086 3046 Quid
1099 2978 1199 3034 multos
1213 2979 1280 3034 varii
1295 2980 1502 3050 replicaturum,

1014 3069 1120 3141 Arpsti,
1136 3069 1233 3135 teneri,
1247 3084 1351 3140 graves,
1368 3070 1491 3125 dioanesi

1014 3161 1043 3219 st
1057 3160 1219 3219 Consentius
1232 3160 1328 3229 adluit,
1343 3160 1474 3219 latebant.

975 3238 1000 3307 C
1015 3253 1082 3309 iluie
1095 3254 1193 3309 summi
1207 3253 1306 3324 ingentii
1325 3253 1397 3329 ubo,
1408 3252 1542 3325 stmdqne

167 3342 249 3417 402
265 3344 354 3402 Tbras
373 3334 464 3414 uates,
486 3345 552 3403 deus
571 3348 672 3415 treas,
694 3356 774 3419 atque
793 3346 926 3417 Pluoebus,
1014 3345 1135 3401 Summe
1148 3343 1387 3415 nobilitatisatquo
1399 3345 1505 3414 turma,

166 3437 246 3493 timui
266 3439 385 3495 carmine
401 3447 464 3510 pust
482 3447 574 3508 erant,
595 3451 622 3496 et
644 3441 716 3510 ipsas

168 3528 259 3586 ilusas
277 3544 331 3587 non
352 3530 389 3586 ita
408 3531 526 3588 musicas
545 3541 663 3603 putares.

86 3611 94 3620 ’
167 3619 217 3677 llio
233 3620 257 3678 si
277 3630 395 3694 syrmate
415 3623 503 3679 cultus
523 3631 551 3681 et
570 3622 720 3694 cothurno,

166 3713 296 3771 intrasset
312 3716 397 3773 semel
413 3717 531 3773 Atticum
549 3716 701 3786 tbentrum,

165 3803 317 3862 Cessissent
330 3805 479 3876 Sopbooies
495 3814 524 3862 et
537 3804 689 3879 Euripides.

166 3895 239 3952 Etsi
257 3896 360 3970 pulpita
376 3910 522 3969 personare
538 3914 618 3956 socco

166 3988 312 4047 Comoedus
331 3991 476 4059 voluisset,
497 3992 561 4049 bule
580 3993 667 4050 levato

166 4079 286 4138 Palmam
305 4091 335 4140 tu
347 4082 432 4155 digito
446 4083 540 4154 dares,
557 4084 711 4142 Menander.

165 4172 218 4230 llio
235 4189 298 4231 eum
315 4175 470 4247 senipedem
488 4176 587 4250 stylum
607 4177 724 4249 polibat,

163 4265 312 4338 Smyrnam
331 4268 390 4324 uice
404 4264 499 4325 doctus
518 4268 648 4338 uinctum,

151 4358 220 4439 ,nun
237 4374 298 4417 curu
320 4373 351 4416 se
369 4360 490 4418 bistorias
506 4360 589 4417 dabat
607 4375 724 4428 severae,

165 4446 273 4507 Primus
291 4450 338 4507 tir
358 4458 482 4522 poterant
501 4453 576 4510 locos
594 4451 663 4509 tueri

163 4538 285 4621 Turreno
298 4541 465 4611 Herodotus,
487 4550 585 4602 tonans
599 4544 742 4603 Homerus.

163 4628 226 4688 Non
247 4632 300 4689 isto
321 4635 410 4704 potior
428 4634 522 4693 luisset
539 4635 620 4703 obm,

163 4723 218 4792 Qui
238 4721 413 4783 Pasflenism
430 4726 557 4784 mouebat
573 4734 633 4785 trid

163 4813 265 4873 Orator
283 4822 392 4874 obmiti
412 4819 610 4887 ldmdlltidwl,

163 4907 220 4965 Seu
241 4908 344 4969 luscum
363 4924 505 4985 raperetur
524 4913 554 4969 in
569 4910 736 4985 Philippum,

164 5072 441 5144 consumendarum
465 5074 584 5143 ltemust
601 5071 676 5143 nputl
689 5071 807 5129 Plinium
828 5081 857 5130 st
868 5072 963 5131 belid-
1017 5072 1060 5130 st.
1078 5070 1199 5127 Taleurtis
1212 5066 1318 5134 luuiul,
1334 5076 1413 5138 utrem
1432 5066 1562 5150 Lupicino
1578 5066 1679 5147 collega
1694 5058 1745 5121 sub
1759 5050 1810 5112 Vn·

1019 5143 1167 5201 lentiniruo
1181 5141 1288 5196 seniore
1297 5140 1391 5209 pessit,
1403 5152 1463 5194 eum
1475 5146 1593 5206 eundum
1607 5144 1733 5205 magister
1741 5141 1814 5190 essct

165 5156 239 5207 ιιιι,
254 5148 282 5199 et
300 5146 327 5199 in
339 5143 443 5200 Tabula
455 5144 619 5213 Pontium.

1013 3440 1110 3497 iuncta
1124 3448 1165 3496 est
1177 3437 1288 3505 lemine,
1303 3454 1364 3511 qua
1376 3440 1485 3496 domme
1497 3438 1532 3495 ed
1544 3436 1637 3495 mariti

1014 3533 1100 3590 Prisci
1113 3543 1124 3574 ι
1138 3532 1253 3605 insignia
1268 3532 1435 3590 transiereus
1447 3533 1550 3602 lorini,

1014 3624 1137 3697 impleuit
1151 3625 1253 3682 trabeis
1268 3626 1352 3683 larem
1366 3625 1507 3697 sophistas.

1012 3718 1058 3774 Sic
1074 3719 1143 3774 intrn
1160 3718 1282 3788 proprios
1298 3717 1345 3773 tibi
1360 3725 1481 3787 ιιιιιιι,

995 3809 1156 3875 consenti,
1173 3809 1264 3880 patrie
1280 3809 1364 3865 decus
1375 3807 1531 3879 superbum,

1013 3898 1102 3956 Fastis
1117 3899 1270 3969 siciturus,
1287 3907 1416 3969 puerque
1430 3896 1517 3953 libris.

1049 3990 1112 4045 line
1123 4004 1172 4060 per
1182 3997 1324 4047 stemmata
1338 3996 1365 4043 te
1375 3987 1443 4045 satis
1457 3992 1607 4054 pomulam,

1014 4084 1118 4140 llorum
1133 4082 1250 4138 culmine
1261 4081 1308 4137 sed
1323 4082 1513 4151 potentiorem,

1013 4176 1071 4233 Non
1084 4177 1185 4251 possim
1200 4174 1300 4233 merito
1309 4186 1407 4229 sonare
1424 4170 1527 4228 laude:

1013 4269 1070 4326 lieo
1082 4268 1107 4325 si
1120 4283 1166 4324 me
1174 4267 1293 4339 tidrpsis
1303 4279 1405 4322 ιιιιιιι
1418 4264 1449 4321 in
1462 4273 1551 4331 ntro,

1013 4358 1096 4431 lm
1109 4358 1166 4426 Qus
1182 4357 1236 4413 lats
1248 4354 1444 4427 smptdunlbus
1457 4352 1566 4411 liuentis

1013 4451 1113 4509 Cautes
1127 4464 1176 4523 per
1189 4440 1317 4507 Ciconum
1333 4448 1447 4506 resultat
1459 4447 1586 4514 Hebrus,

1016 4542 1321 4615 Princepsinstinrinet
1332 4541 1378 4598 lile
1391 4549 1496 4609 ιιιιιιι,

973 4610 1006 4672 D
1016 4638 1084 4693 cem
1097 4634 1191 4691 duloss
1201 4633 1321 4688 animum
1335 4642 1399 4689 susa
1412 4632 1523 4688 eberdte

1016 4728 1130 4785 Terreni
1140 4736 1190 4798 per
1202 4720 1348 4795 ilbodopen
1367 4722 1489 4779 trabeate
1501 4730 1591 4790 cantu,

1016 4820 1051 4877 Et
1064 4833 1143 4876 amsa
1153 4817 1215 4873 uice
1227 4814 1346 4872 [motibus
1359 4814 1459 4886 tinans,

958 4981 963 4996 .
1019 4911 1118 4969 Terras
1130 4923 1242 4966 currere
1252 4914 1381 4978 cuperent
1392 4903 1512 4962 anbelus.

173 5242 178 5251 ,
204 5211 405 5269 Ιῦιιιιιιιιιιιι
420 5225 523 5285 paren
537 5215 628 5271 laudnt
640 5229 656 5270 a
669 5213 864 5287 puttnsupbtcta
877 5216 963 5286 poetis
1016 5224 1067 5286 per
1079 5212 1225 5275 uentano
1236 5206 1399 5264 Alamannus
1409 5209 1510 5281 ingenti
1522 5216 1611 5277 strage
1623 5206 1648 5259 iu
1660 5202 1812 5261 catalauno

165 5281 259 5349 cisum
275 5283 434 5355 disciplinis,
455 5296 510 5342 tum
523 5285 637 5356 Grecis,
651 5296 711 5343 tum
722 5286 834 5342 [ιιὶιιι.
1018 5284 1205 5355 predipnsset,
1231 5291 1261 5335 ut
1280 5276 1450 5334 Marcellinus
1466 5288 1556 5361 narrat
1571 5276 1588 5330 l.
1607 5290 1688 5331 ιιιιι.
1708 5272 1748 5331 be
1760 5290 1813 5345 qum

258 5354 283 5425 ⁷
304 5354 470 5413 leucarum
489 5368 518 5413 et
539 5358 666 5414 Statium.
690 5357 791 5415 Lucani
806 5358 878 5414 enirn
893 5373 963 5414 uxor
1020 5357 1103 5413 eliam
1119 5352 1213 5410 scribit
1237 5348 1427 5407 Pindonrdust
1452 5348 1576 5404 illatorum
1597 5344 1623 5413 d,
1643 5354 1670 5402 et
1691 5344 1814 5415 antiquus

167 5353 306 5507 tutnlpoua
320 5426 495 5512 Argentaria,
516 5438 543 5483 et
557 5439 664 5513 mortun
677 5430 800 5514 lucano,
821 5428 919 5511 Statii,
936 5439 965 5484 ut
1020 5440 1115 5510 uersus
1130 5424 1262 5547 proiciunt-{a
1276 5421 1487 5546 iftluigngnsdlos
1507 5419 1583 5543 lousa.
1598 5418 1732 5541 ‘bonnm
1745 5417 1815 5535 ²³2³:-

103 5564 106 5571 Ι
166 5492 966 5635 ligitlaktutusnpsemStlutsdoeet.Qtudamlnbrupnlltdnlle*
1020 5498 1357 5632 18ιῶὶῶῲῶιίὦὶιῶ
1376 5506 1424 5615 ιιὦ
1446 5503 1765 5643 &unvamma
1781 5553 1846 5606 de·
1905 5596 1908 5601 Ι
2006 5622 2010 5629 ἱ

207 5646 219 5675 c
234 5635 346 5695 Trabere
359 5648 387 5696 et
401 5637 530 5697 iustorum
545 5657 644 5699 numen
663 5643 832 5699 consulatum
853 5639 966 5697 denotat
1018 5640 1126 5710 junone
1137 5633 1295 5700 Conmendo,
1308 5633 1343 5689 sd
1354 5640 1435 5703 quma
1448 5631 1552 5697 mrnu,
1565 5626 1626 5697 sapi
1635 5626 1741 5680 debent.

206 5774 215 5805 ¹
233 5771 357 5827 liartltius
371 5772 478 5829 Αιιειι.
494 5789 554 5845 pag.
569 5772 623 5832 ito
636 5776 701 5845 legit
713 5791 745 5832 es
759 5775 870 5843 antinno
884 5775 967 5841 libro,
1023 5748 1194 5836 circellum,
1214 5779 1243 5827 et
1256 5771 1325 5826 allos
1339 5768 1410 5827 Celsi
1430 5766 1539 5822 rumim
1552 5763 1682 5819 eelelrres.
1695 5782 1732 5803 υ·
1744 5758 1819 5817 Dat*

152 5843 242 5913 ·Qm'd
256 5843 357 5913 Celsos,
371 5846 482 5908 Seruaeus
500 5846 609 5916 loquor,
623 5847 705 5906 luisse
719 5846 858 5906 enimuero
870 5856 969 5921 prater
982 5856 1083 5935 titos
1097 5840 1233 5901 Sirmoud.
1249 5842 1348 5910 editor,
1362 5837 1465 5911 prulet.
1482 5835 1514 5891 nd
1528 5843 1592 5889 tom.
1611 5832 1630 5904 l,
1645 5832 1659 5906 l
1675 5833 1718 5893 ll·
