4090 6348
199 369 250 444 ιιι
745 432 748 436 Α
838 366 960 439 stoortu
979 358 1201 436 trotttnaitts
1778 368 1834 435 ιιι

201 494 330 569 poscetis,
344 497 473 569 antiquati
486 496 596 554 bonoris
607 486 751 570 perniciter
762 496 864 555 sarcire
875 495 1028 568 disper-A
1322 489 1491 573 bristout
1511 488 1543 545 l.
1836 520 1841 565 q

202 588 296 649 dium:
311 602 346 647 ne
362 588 386 645 si
403 598 477 645 entra
493 589 698 660 praerogativam
712 589 859 647 consiliarii
874 589 901 644 iu
915 602 985 645 con·
1099 596 1107 604 ·
1197 601 1348 659 gramme
1358 600 1474 657 pm,
1487 617 1535 656 ,ω
1549 599 1669 656 „pm
1838 588 1843 656 3

201 679 417 750 ciliumreneris,
431 679 986 754 solsaticariorunariccsegisseridonre.
1440 735 1447 749 .
1590 733 1597 747 .
1662 734 1669 747 .
1837 701 1840 709 ,

202 768 277 827 pate,
1072 733 1189 793 Litteras
1204 747 1263 795 tuas
1277 732 1371 793 Rome
1388 742 1493 806 pontus
1505 749 1610 805 accept,
1626 734 1722 807 quibus
1739 749 1773 791 art
1789 750 1833 794 se-

1039 826 1157 884 cuudum
1184 842 1330 889 commuue
1355 826 1498 889 consilium
1524 842 1586 884 sese
1611 826 1835 901 peregrinationis

455 903 669 978 ΒΕΡῙΒΤΟΒᾸ
686 908 732 965 Π·
1040 935 1110 978 ursae
1132 929 1221 994 crepta
1245 929 1422 992 proutoseant
1444 916 1575 977 sollicitos
1601 917 1725 992 intrabis.
1755 916 1834 976 Viam

346 1040 471 1100 sm„
481 1052 494 1082 ,
504 1042 649 1103 ΝΜΟ
663 1060 711 1103 m
723 1043 845 1105 mgnum·
1041 1009 1123 1069 etiam
1136 1011 1244 1084 qualern
1256 1011 1424 1084 qualiterque
1441 1008 1617 1078 coniecerim,
1632 1025 1700 1083 quos
1718 1018 1765 1066 aut
1782 1006 1834 1064 du·

774 1161 777 1165 ἵ
932 1176 933 1179 ¹
1041 1100 1100 1158 rios
1126 1101 1241 1158 uiderlrn
1267 1111 1406 1174 poetarum
1429 1100 1595 1161 carminibus
1621 1099 1758 1173 illustres,
1788 1104 1836 1157 aut

238 1194 324 1254 little
336 1196 414 1266 'esto
436 1197 480 1257 tir
493 1195 673 1272 amplissime,
696 1196 815 1254 lancibus
830 1196 914 1267 partis
928 1193 992 1251 dote
1043 1191 1124 1251 urbes
1137 1189 1265 1251 moenium
1280 1191 1332 1252 situ
1346 1194 1476 1269 inclytas,
1500 1200 1547 1255 sut
1566 1202 1674 1253 tnontes
1693 1192 1834 1259 norninutu

203 1291 380 1347 meritorum:
395 1305 510 1361 quorum
531 1302 560 1348 ιιι
578 1288 668 1349 titulis
687 1290 862 1363 apicibusque
876 1286 991 1361 potiare,
1043 1286 1170 1358 opinione
1180 1286 1367 1360 vulgarentur
1378 1301 1488 1358 campos
1499 1286 1651 1358 praeliorum
1662 1285 1836 1361 replicatione

205 1399 257 1439 nou
272 1391 408 1440 ntatcrnos
421 1383 535 1454 reditus,
560 1400 613 1440 non
635 1384 720 1441 ntitas
743 1383 913 1455 largitiones,
937 1398 992 1438 uon
1044 1375 1255 1434 monstrabiles:
1280 1377 1342 1448 quia
1364 1375 1553 1449 voluptuosum
1575 1390 1698 1462 censeas,
1717 1393 1777 1450 quae
1798 1376 1837 1434 lc-

204 1477 312 1531 uxorias
321 1491 451 1548 gemmas,
464 1493 518 1537 non
529 1487 654 1549 paternas
662 1480 790 1553 pecunias
800 1476 992 1534 numeravisti:
1044 1472 1135 1529 ctione
1147 1469 1330 1542 compereris,
1353 1483 1446 1526 eorum
1466 1468 1511 1541 qui
1534 1468 1702 1541 inspexerint
1716 1469 1837 1527 tideliora

204 1566 266 1636 quia
280 1566 327 1622 tibi
342 1568 495 1624 econtrario
505 1565 520 1608 ¹³
532 1570 603 1640 apud
623 1566 753 1644 principis
766 1571 887 1635 domant,
904 1568 995 1636 inspe-
1045 1559 1173 1617 didicisse
1186 1568 1348 1617 memoratu.
1369 1557 1501 1629 Quocirca
1515 1559 1619 1631 gaudeo
1637 1568 1664 1616 te
1682 1558 1746 1630 quid
1760 1575 1836 1635 agam
1908 1634 1917 1643 ,

205 1667 248 1713 cta
262 1656 417 1731 sinceritas,
439 1670 559 1735 spectata
573 1661 712 1733 sedulitas,
727 1660 845 1721 admissa
866 1646 994 1723 sodalitas
1044 1666 1144 1726 cupere
1168 1664 1347 1723 cognoscem
1372 1666 1488 1724 namque
1510 1650 1698 1724 hujuscemodi
1718 1653 1837 1712 studium

206 1746 282 1809 laudi
293 1735 378 1806 iocre.
394 1748 417 1807 0
430 1758 524 1825 terque
537 1762 685 1826 quaterque
699 1752 806 1813 berun
819 1761 857 1820 te,
872 1753 907 1809 de
918 1748 995 1823 cujus
1045 1742 1105 1807 “ex
1118 1746 1215 1813 adactu
1228 1747 1358 1807 interiore
1372 1746 1560 1819 proficiscitur.
1576 1746 1662 1817 ilicet,
1679 1758 1708 1807 et
1720 1749 1744 1807 si
1759 1736 1838 1809 secus

206 1839 322 1897 culmine
335 1840 414 1899 datur
427 1843 521 1901 amicis
534 1845 645 1914 laetitia,
661 1845 750 1907 tinnis
764 1861 858 1919 prona,
878 1845 994 1919 posteris
1010 1839 1189 1942 Bqnaepiant,
1213 1840 1265 1897 sub
1287 1855 1339 1913 ope
1361 1847 1452 1898 tarneu
1474 1840 1524 1898 bel
1547 1840 1638 1899 ordiar
1655 1856 1672 1898 a
1692 1842 1837 1910 secandist

205 1934 306 2007 gloria;
321 1944 376 1997 tum
390 1949 520 2013 praetcrea
531 1940 632 2010 regctn
646 1949 673 1999 et
683 1940 818 1999 alacribus
829 1941 995 2011 exentpium,
1047 1935 1143 2005 quibus
1154 1934 1308 2004 primordiis
1318 1934 1437 2007 maiores
1445 1934 1534 1993 nostri
1541 1935 1624 2016 etiam
1635 1935 1838 1999 sinisteritatum

206 2024 343 2089 desidibus
364 2035 392 2085 et
412 2028 495 2105 pigris
516 2029 735 2099 incitamentum
758 2041 787 2089 et
806 2040 895 2093 tarnen
914 2030 937 2088 si
951 2028 998 2102 qui
1047 2041 1158 2087 suarum
1178 2026 1324 2085 relationes
1337 2026 1465 2087 eroisere
1478 2027 1696 2103 auspicabantur.
1722 2029 1839 2102 Egresso

155 2111 158 2119 '
207 2127 269 2174 sunt
278 2119 326 2190 qui
340 2128 535 2197 tequoruoque
546 2122 637 2181 animo
649 2122 778 2194 deinceps
789 2123 997 2195 emnbbsutur,
1047 2116 1114 2175 milii
1127 2115 1332 2175 ailbodunusina
1345 2127 1448 2179 nostrae
1458 2118 1593 2177 munibus
1606 2119 1729 2191 publicus
1743 2134 1839 2181 cunas

206 2206 258 2265 sibi
269 2209 391 2280 forsitan,
406 2211 429 2268 si
444 2219 471 2273 ta
483 2221 694 2285 consequantur,
707 2213 837 2283 debeant;
854 2213 903 2273 tibi
916 2212 999 2273 debo-
1048 2206 1207 2277 untiaret
1220 2215 1312 2281 utpote
1323 2209 1409 2267 sacris
1427 2209 1549 2280 apicibus
1566 2210 1665 2279 ιιιὶιο,
1685 2220 1715 2273 et
1731 2211 1839 2283 quidem

208 2297 275 2356 bunt
291 2300 494 2371 proculdubio,
516 2302 588 2375 quod
606 2312 765 2375 sequuntur.
790 2304 919 2374 Spectere
932 2303 999 2365 mibi
1049 2316 1099 2373 per
1111 2301 1246 2361 domicilia
1260 2303 1393 2361 sodalium
1410 2305 1694 2379 propinquorumque:
1714 2305 1761 2365 ubi
1774 2321 1841 2365 sanc

207 2391 318 2465 videor,
342 2395 475 2455 bonorum
500 2410 567 2471 pace
589 2396 722 2469 praelata,
748 2394 822 2455 illam
847 2396 876 2453 in
901 2396 1001 2459 inuidis
1049 2394 1481 2455 moramsiantinonteredorum
1492 2397 1623 2466 paucitas,
1636 2397 1841 2459 sedamicorum

208 2478 342 2556 ignauam
356 2487 573 2558 superbientem,
594 2496 621 2545 et
640 2487 708 2547 illud
721 2486 853 2547 militandi
867 2487 1000 2547 inertibus
1049 2486 1195 2547 multitudo
1211 2487 1350 2549 iaciebat:
1370 2502 1431 2561 quaa
1449 2488 1515 2545 mihi
1535 2496 1612 2547 arcto
1628 2489 1754 2562 implicita
1769 2505 1841 2549 cout-
1918 2554 1924 2563 ,

208 2577 342 2637 familiare
355 2577 509 2650 rontium,
530 2594 592 2637 cum
604 2594 621 2639 a
634 2579 823 2653 desperatione
838 2578 999 2649 trecenti,
1050 2580 1148 2653 mesu,
1175 2579 1243 2637 itum
1266 2578 1437 2653 reditumque
1456 2579 1563 2638 idicem
1586 2581 1842 2641 monsbasonis

209 2670 280 2731 iuter
294 2670 440 2731 bibendum
461 2671 701 2745 pbilosopnantes,
723 2672 805 2731 lorias
826 2673 1001 2735 inhonorato·
1050 2671 1284 2742 comprecabatur.
1308 2671 1354 2729 Sic
1366 2670 1474 2744 Alpium
1487 2670 1559 2744 iugis
1579 2674 1841 2747 appropinquatum:

210 2778 270 2825 tum
285 2762 411 2832 laudaut,
425 2764 491 2823 ritio
505 2764 626 2835 desidie,
640 2778 695 2825 noa
707 2766 798 2825 studio
816 2763 999 2839 perlectionis.
1051 2778 1163 2836 quarunt
1179 2762 1245 2819 mibi
1257 2764 1328 2821 uitus
1339 2771 1367 2820 et
1380 2762 1467 2822 facilis
1478 2778 1619 2831 ascensus,
1630 2772 1659 2822 et
1669 2765 1738 2823 inter
1749 2765 1842 2822 ιιιιίιιι-

209 2852 292 2926 Cuius
301 2855 447 2926 appetitus,
460 2870 495 2913 ne
503 2854 592 2915 adbuc
603 2855 694 2927 pueris
704 2856 763 2913 usui
776 2854 858 2925 inst,
868 2856 1000 2929 nouorum
1051 2869 1105 2928 que
1120 2855 1172 2927 ιο
1185 2854 1312 2915 tenentis
1330 2854 1418 2913 latera
1439 2855 1567 2929 praerupti
1581 2856 1684 2915 caram
1701 2857 1730 2912 ie
1747 2855 1844 2913 calum

207 2944 309 3019 iuditio
326 2944 514 3018 relieiebatare
536 2945 576 3002 sic
595 2945 799 3007 adolescentum
809 2947 1003 3009 tectanatiun·
1051 2945 1159 3007 ultibus
1173 2946 1269 3007 itinera
1282 2944 1396 3003 mollita.
1412 2944 1570 3007 Pluriorunt
1583 2948 1722 3020 qnoquesi
1734 2949 1778 3020 qui
1789 2962 1843 3006 nou

208 3036 283 3094 culas
307 3036 403 3113 pannis
430 3036 570 3099 textilibus
593 3050 792 3111 comparantes,
815 3039 1002 3113 intelligebant
1052 3037 1231 3109 mrigablies,
1245 3037 1314 3094 sada
1328 3037 1483 3106 commoda,
1498 3038 1540 3097 tel
1550 3048 1624 3099 certo
1635 3039 1720 3111 persii
1735 3050 1842 3109 pontes,

209 3131 314 3203 eloquia
335 3129 464 3205 iuuenum
487 3129 649 3189 laboriosius
672 3132 765 3189 brevia
788 3132 902 3202 produci
920 3145 1001 3203 quam
1052 3127 1544 3202 qnosantiqultasaluodamentissd
1558 3144 1642 3203 usqne
1653 3131 1843 3205 aggeremcal-

210 3231 333 3293 porrecta
346 3222 457 3281 succidi.
479 3221 532 3279 Sed
548 3222 610 3278 binc
623 3221 686 3292 quia
699 3223 750 3278 ista
765 3223 825 3278 baee
838 3223 914 3291 satis,
928 3221 1001 3293 quod
1012 3263 1039 3329 c
1052 3220 1132 3278 cabili
1152 3220 1228 3277 silice
1246 3227 1394 3277 crustatum
1413 3221 1541 3294 crypticis
1560 3223 1675 3279 arcubus
1689 3220 1843 3280 iornieatit.

210 3314 321 3382 urbest,
344 3327 452 3385 quesn
476 3311 676 3379 mmluitearis,
697 3313 766 3369 sdic
783 3328 829 3370 trae
849 3312 898 3368 tibi
917 3313 1001 3370 studii
1052 3311 1844 3385 tdidnlcaraorhnlsienasigieaameniasceudirquain

210 3405 325 3476 totusue
346 3404 561 3462 ddmbndnetn
584 3404 781 3479 reponderare,
807 3406 836 3481 9
857 3404 939 3463 modo
956 3419 1003 3465 nte
1052 3402 1283 3463 Enmnunbsest
1292 3404 1844 3480 delatus,eteaetataasacpecametsalites

211 3495 363 3554 acdonibm
373 3496 454 3567 iustis
468 3494 541 3554 licus
556 3510 679 3554 amnem
691 3506 720 3554 ct
731 3485 861 3568 sospitem
876 3504 1001 3571 prestet.
1052 3494 1412 3568 nobistaetbontiadas,et
1421 3498 1735 3558 commentitiasarborci
1744 3499 1846 3560 metalli

210 3586 478 3648 uretumme.
1054 3588 1186 3662 lncrgmas
1196 3588 1252 3647 risi.
1266 3589 1396 3648 lllrosunr
1406 3591 1702 3662 monumemtum
1711 3592 1843 3661 buddam,

247 3772 378 3835 titurio
391 3764 407 3830 i
420 3770 636 3845 provinciarum,
656 3770 717 3843 clus
730 3769 841 3829 lionoris
856 3770 946 3843 apices
958 3785 1006 3831 co·
1060 3771 1128 3829 siam
1143 3770 1300 3844 appellarit.

213 3843 566 3971 dioillosq'uetuncadepto.
589 3912 607 3926 ..
694 3910 702 3926 ·
739 3910 748 3928 .
798 3912 805 3926 ⁸
1097 3840 1108 3883 ¹
1120 3842 1226 3915 illisqui
1239 3843 1343 3913 privato
1353 3842 1459 3901 sctedls
1473 3842 1586 3913 publicis
1596 3844 1634 3904 uti
1647 3860 1702 3903 nou
1716 3844 1845 3916 licuisset,

250 3915 331 3974 bbnt
350 3914 607 3984 sustinuerimus
627 3927 643 3969 a
662 3926 784 3985 principe
798 3928 857 3985 rpso
871 3911 1006 3973 creabane
1056 3929 1119 3975 cum
1138 3914 1180 3970 lex
1202 3914 1310 3973 bonosii
1327 3913 1378 3969 boc
1391 3924 1506 3986 excepto
1524 3916 1613 3989 capite
1636 3916 1788 3981 interdicat,
1805 3917 1846 3972 Νι

211 3997 254 4045 tur
291 4003 346 4043 non
366 4000 382 4041 a
406 3984 550 4055 praelectis.
574 3982 875 4041 cassiodorusseuator
893 3985 919 4039 itt
939 3982 1005 4040 For·
1056 3987 1133 4057 qnia,
1158 3985 1217 4050 ait,
1242 3983 1291 4039 sibi
1313 3982 1431 4054 deinceps
1453 4001 1556 4043 sursunt
1579 3986 1709 4056 publicum
1731 3987 1846 4059 prioratus

211 4032 282 4115 ntuiu
296 4056 387 4117 sicarii
401 4057 488 4123 urbis,
503 4054 618 4124 Propria
632 4062 668 4113 est
682 4053 841 4126 jurisdictio,
856 4071 913 4124 quse
926 4056 1004 4113 dutrtr
1056 4065 1174 4126 usurpet,
1192 4055 1242 4113 triti
1255 4070 1314 4113 cant
1327 4063 1371 4109 ont
1386 4072 1401 4113 a
1415 4056 1488 4111 nobis
1502 4066 1632 4123 euocetur,
1646 4067 1691 4112 nat
1704 4074 1720 4111 tt
1733 4054 1845 4113 ciconu-

210 4146 228 4183 n
246 4128 371 4199 principe.
396 4125 513 4183 Proinde
527 4125 687 4181 Maximinus
707 4124 781 4180 leros
800 4125 847 4181 ille
861 4125 1004 4195 praelectus
1057 4129 1100 4183 tin
1116 4133 1210 4183 nostroe
1227 4127 1389 4181 ueneratione
1409 4127 1527 4181 discedit.
1554 4127 1635 4183 lloris
1656 4137 1744 4185 autent
1764 4125 1846 4185 luisse

232 4199 329 4254 rectorii
339 4196 374 4252 de
384 4209 438 4267 quo
449 4194 619 4251 ilarceliinus
631 4194 680 4251 lib.
690 4209 789 4257 aaran,
802 4210 864 4250 cunt
878 4195 1005 4249 vicariurn
1058 4207 1087 4251 ut
1100 4211 1168 4267 quos
1190 4194 1224 4250 ad
1248 4211 1279 4252 se
1302 4196 1421 4253 accirent
1440 4198 1591 4271 principos,
1613 4200 1779 4255 erectionem
1795 4199 1847 4254 illis

255 4266 419 4339 rypltoriano
443 4263 560 4323 uenum
584 4272 716 4334 cuperet,
746 4278 799 4319 non
824 4279 885 4319 earu
909 4263 1006 4319 detulit
1058 4266 1260 4332 concederent,
1289 4266 1409 4325 indicunt
1433 4266 1529 4324 littere
1552 4262 1699 4323 Cttustantii
1722 4267 1791 4337 nug.
1813 4267 1844 4324 S.

211 4338 279 4405 ipse,
296 4336 344 4391 sed
358 4351 373 4389 a
389 4333 509 4405 principe
523 4332 685 4402 impetrarit.
706 4335 790 4390 Secus
804 4341 926 4389 rectores
943 4347 1006 4403 pro·
1056 4336 1232 4395 dtlrnuasium
1243 4336 1379 4393 evocantis
1389 4339 1460 4407 apud
1471 4337 1665 4395 theodoretum
1677 4337 1726 4395 tib.
1734 4352 1755 4392 ιι
1763 4335 1846 4395 etiu-
1877 4340 1880 4347 '

212 4406 360 4461 sistciarurn
373 4404 418 4473 qni
438 4418 454 4459 a
474 4400 609 4474 praelectis
623 4403 689 4474 ipsis
706 4402 890 4471 mittebantur,
912 4418 1003 4459 rctno·
1056 4406 1120 4463 liatti
1134 4406 1167 4463 ad
1181 4406 1355 4465 Eustocbiunt
1371 4405 1413 4462 lris
1425 4407 1525 4473 verbis,
1534 4406 1577 4470 tiss
1589 4409 1697 4478 μιθέξωι
1709 4408 1845 4471 demulce.

213 4473 397 4555 rebanturque
417 4474 478 4528 sine
497 4471 605 4542 speciali
624 4472 784 4529 auctoritate
805 4473 950 4544 principis,
976 4483 1005 4533 ut
1055 4473 1123 4544 ἰξιι
1137 4477 1164 4534 δι’
1175 4498 1205 4534 σι
1219 4475 1341 4549 δημόσιος
1356 4475 1446 4549 δρόμος
1463 4478 1578 4552 ὀχήματι
1590 4481 1723 4554 χρώμενοι
1734 4478 1786 4546 isi,
1803 4482 1847 4537 aad

213 4550 287 4664 putet
299 4560 333 4601 ex
347 4542 396 4600 lrb.
406 4557 435 4598 ιιι
448 4541 483 4598 de
501 4541 595 4598 bldcio
607 4542 661 4598 PP.
676 4540 795 4598 Orientis
809 4551 837 4598 et
848 4542 962 4614 illyrici,
976 4557 1005 4602 et
1058 4552 1194 4622 παρίππῳ.
1335 4579 1338 4585 ·

224 4613 261 4668 ib.
276 4629 301 4668 ιι
316 4612 350 4669 de
363 4612 508 4669 tldsoratis
521 4611 624 4694 divers.
639 4611 770 4681 indicunt.
785 4612 929 4684 Propterea
944 4616 1004 4673 rice
1094 4629 1108 4666 ιι
1123 4616 1247 4674 Ostendit
1265 4617 1309 4675 tric
1329 4617 1404 4674 tuctu
1424 4632 1532 4677 cursura
1551 4616 1686 4687 publicum
1702 4632 1756 4677 non
1770 4616 1846 4691 equis

213 4689 315 4739 tantuna
332 4680 498 4754 praefectoria
517 4681 639 4764 judicare
651 4682 826 4748 dicebantur;
846 4683 938 4738 vicarii
954 4701 1003 4741 au·
1058 4696 1161 4745 tontum
1177 4689 1362 4756 vvlticulisque
1375 4690 1499 4757 stetisse,
1521 4690 1568 4745 sed
1588 4686 1699 4760 nauigiis
1712 4689 1793 4745 etiarn
1814 4702 1848 4744 ac

213 4758 267 4808 ιιιιι
285 4754 342 4822 ripe
354 4767 442 4818 mera,
457 4761 487 4807 at
499 4766 545 4822 qut
559 4766 575 4807 a
590 4752 710 4824 principe
723 4753 939 4823 iurisdietionem
955 4756 1002 4831 lta·
1057 4759 1234 4815 drttntooibus
1250 4774 1296 4827 per
1310 4759 1434 4826 dontius,
1458 4760 1549 4823 lacus,
1564 4760 1655 4825 sinus,
1670 4768 1699 4813 ut
1712 4774 1757 4816 res
1770 4758 1846 4829 tulit,

212 4821 318 4904 herent.
337 4823 461 4880 .Seeator
471 4822 558 4888 Mem,
581 4823 636 4878 sice
656 4838 731 4878 mere
752 4825 903 4878 sententium
925 4824 999 4883 dicis.
1017 4801 1218 4885 Doistributts.
1236 4828 1312 4896 Quod
1327 4844 1392 4884 sane
1405 4844 1498 4885 serum
1513 4838 1565 4885 est.
1583 4827 1649 4883 Natta
1663 4827 1691 4885 id
1703 4829 1768 4885 satis
1781 4844 1844 4900 quo·

214 4891 667 4978 Etlrb3tcod.deoliiciosioarii,
682 4893 1004 4976 Vitoriudipnitortecrse
1074 4913 1236 4969 ueappatet
1254 4914 1288 4954 es
1309 4898 1397 4955 tabuit
1420 4899 1575 4966 itineraria,
1615 4914 1656 4953 ue
1676 4903 1729 4954 iter
1742 4898 1846 4956 Verona

212 4977 242 5016 co
261 4973 365 5021 utttonts
386 4961 459 5019 babet
482 4972 648 5034 potestatem,
672 4973 697 5019 et
715 4966 885 5039 pudasnltonts
909 4976 1003 5023 nostru
1055 4914 1079 5024 a

212 5047 241 5088 so
290 5034 665 5105 concentusconcentus.
819 5092 822 5095 ,
1056 5053 1118 5095 naut
1133 5054 1181 5111 ptr
1194 5038 1294 5097 Padurn
1307 5039 1358 5095 iter
1373 5038 1845 5105 tacientumnotat;etexsenaturr

204 5113 206 5121 ’
241 5113 265 5161 .⁶
278 5100 438 5186 Lugdunum
452 5101 575 5185 abnilqbe
588 5103 683 5173 missa,
698 5112 726 5158 ut
744 5105 805 5163 duee
819 5105 1003 5188 precedentes
1033 5167 1037 5171 ,
1056 5109 1128 5178 apud
1143 5124 1222 5193 quent
1235 5109 1421 5167 Tlteodoricus
1440 5123 1488 5165 ren
1502 5107 1685 5167 dromonariis
1700 5107 1843 5165 ilostiiieu·

214 5174 309 5230 aureli
329 5188 370 5231 ue
384 5174 464 5243 bupus
480 5172 540 5229 ltbn
557 5186 652 5229 ornnes
672 5182 769 5243 preter
781 5176 913 5232 ultimum.
940 5174 1003 5235 llaec
1054 5178 1132 5235 ebus
1156 5196 1182 5235 ιιι
1206 5183 1276 5236 nunc
1291 5179 1398 5235 modtun
1417 5175 1513 5233 scribit
1534 5176 1582 5233 lib.
1594 5193 1614 5235 ιι
1630 5177 1790 5235 laturum:
1811 5177 1848 5235 b't

214 5189 522 5325 vcrotciegantiasjmatu
539 5244 590 5316 12
605 5244 726 5303 wblinot
740 5243 821 5303 totius
833 5245 937 5307 itineris
950 5245 1005 5305 bo·
1056 5249 1115 5303 ideo
1130 5244 1216 5305 couniti
1229 5262 1362 5302 sucturum
1375 5246 1542 5320 torpidorum
1559 5259 1647 5303 nostro
1663 5250 1783 5319 praecepit
1802 5265 1849 5304 aa·

214 5325 287 5367 ιιιιιιι
302 5313 387 5369 desert
409 5314 518 5371 tionem.
1060 5320 1173 5387 ιιοιιιιιι,
1186 5327 1215 5375 ιιι
1228 5319 1256 5374 itt
1269 5316 1423 5373 Hortittensi
1438 5318 1495 5373 loco
1508 5317 1628 5373 constitui
1640 5319 1849 5390 detentusque·

207 5414 211 5485 p
250 5378 308 5438 itu
322 5383 382 5438 aliis
407 5383 481 5451 ibris,
494 5384 536 5443 dr.
579 5448 582 5453 y
1055 5398 1130 5445 unua
1144 5387 1227 5459 fiscali
1242 5388 1401 5442 bumonitote
1419 5387 1542 5456 nerent,
1562 5402 1684 5447 euersas
1701 5405 1761 5443 cuns
1777 5403 1848 5443 oms«

253 5451 300 5509 ·l.
337 5453 412 5534 duni,
428 5454 814 5528 patrieutriquecotnmunis.
838 5458 872 5515 llt
891 5457 1000 5516 ilbodu-
1055 5458 1136 5514 dariis
1151 5458 1306 5529 pesolutam
1319 5455 1388 5513 Pudi
1404 5460 1563 5514 ιιιιιιιιιίιιι
1578 5458 1743 5530 tntiutisast
1766 5458 1848 5514 dicim

216 5524 294 5585 nasia
333 5524 434 5597 ’domo¹
457 5526 495 5580 sic
509 5526 603 5585 druria
620 5526 754 5593 interdurn
773 5530 851 5597 aliis,
872 5529 944 5599 quod
966 5528 1001 5584 ad
1055 5527 1144 5583 labore
1161 5530 1232 5600 cquis
1252 5526 1361 5592 publicis
1376 5528 1616 5599 debeotsuboeuiri,
1637 5528 1740 5601 quaudo
1758 5543 1847 5585 ιιιιιιι

217 5595 355 5667 utriusque
367 5596 485 5657 dominis
499 5597 665 5654 conduentes
698 5601 768 5657 osita
782 5601 827 5653 sit.
848 5600 921 5653 nlius
933 5614 1000 5668 quo·
1054 5608 1135 5654 tester
1151 5616 1202 5654 ιιοιι
1222 5598 1350 5669 struitur,
1372 5603 1418 5672 qui
1437 5617 1483 5672 per
1496 5603 1553 5669 eigs
1571 5602 1684 5674 iiqsidm
1700 5605 1847 5674 capeditur.

216 5680 269 5735 qne
283 5668 364 5723 urbes
376 5668 410 5727 ad
426 5666 583 5724 Rbodauunt
597 5671 663 5725 sitas
680 5614 872 5727 intuuntur
887 5669 954 5724 dixit
973 5669 1001 5725 in
1055 5669 1214 5724 lirotnonuri
1229 5670 1345 5741 remiges
1357 5681 1436 5729 erant
1447 5672 1626 5729 dromonum:
1641 5674 1787 5731 dromones
1800 5689 1848 5726 ιιι-

216 5735 337 5792 cartnine
347 5736 551 5795 Anacreontion.
569 5738 684 5793 irenaeus
696 5753 760 5793 sero
772 5742 902 5795 rationem
915 5738 923 5795 i
944 5750 1002 5797 ιιιιι
1055 5747 1120 5801 letti.
1132 5738 1270 5815 dpiposrc,
1281 5745 1422 5813 cursorie,
1435 5742 1554 5816 capedltl
1563 5754 1658 5802 cunas
1668 5742 1773 5813 ttatlgia
1785 5741 1846 5797 buia

218 5806 465 5875 bactutnottecirca
481 5807 639 5873 liltodanutn
654 5806 836 5875 'redentricis
855 5807 912 5863 llbu
933 5811 1249 5903 ³⁰⁰2Q51¹⁰⁸¹l¹¹³¹d

1082 4984 1213 5025 :treunam
1230 4982 1278 5039 per
1292 4967 1420 5025 ilostilias
1435 4969 1589 5039 designans,
1631 4968 1726 5025 ustiliis
1740 4968 1845 5025 Barma-

1512 5936 1530 5953 ,ν
1540 5916 1587 5941 ⁴*
1710 5932 1744 5950 u*
1756 5932 1840 5954 ...a-a·
1868 5922 1880 5945 9
