4080 6348
260 378 314 439 err
861 351 1023 421 'stuuuu
1043 359 1270 419 rceuuumus
1365 400 1367 405 ⁴
1513 351 1522 365 ·
1684 404 1687 413 .
1839 335 1908 419 'une

263 497 342 568 liegis
356 493 401 549 ati
417 494 528 560 :quoto
540 482 648 542 sertasi
662 480 696 538 td
710 480 826 537 culmina
841 477 933 534 muudi
1067 476 1163 540 Ailou
1180 478 1297 532 auiumrn
1314 476 1424 547 populi,
1437 475 1501 533 ierri
1515 476 1585 532 maia
1599 476 1711 532 criruinu
1725 476 1799 533 ierre

264 590 312 646 ppo
328 585 412 642 tarum
442 581 510 645 lori,
525 576 604 633 aerbo
625 575 744 631 animum
764 590 772 631 ι
788 583 934 641 consurge,
962 566 1055 626 simul·
1106 569 1189 641 319
1199 569 1295 636 Solvit,
1310 577 1338 626 οι
1352 569 1378 623 iu
1395 577 1514 625 nestram
1526 569 1714 639 plascencidit
1724 568 1770 624 ille
1785 569 1907 629 ruinam.

644 722 647 727 Α
973 660 1053 736 [quo.
1106 661 1165 718 iam
1179 672 1244 721 tutte
1256 663 1398 734 imperium
1413 663 1558 735 praecontis
1571 662 1701 733 principis
1715 676 1799 718 aurea

264 766 418 841 Aggredere
432 765 556 835 ignarum
569 769 693 818 neutrum
708 766 828 819 mactare
841 754 954 824 valebis,
1110 755 1260 813 volvebant
1272 758 1343 812 bonu
1359 756 1412 812 luta
1425 756 1505 822 culu;
1521 756 1569 812 sod
1579 756 1688 827 publiea
1700 756 1798 811 damna

217 902 224 912 .
262 863 288 917 Si
298 860 393 930 jubeas
409 865 552 925 utrumque
567 852 635 911 meri
648 868 656 918 ;
670 852 718 908 sed
733 857 811 905 neoto
824 847 932 904 dolosas
1108 848 1236 906 Invidiam
1252 850 1344 922 lugere
1356 849 1406 905 siri
1422 866 1428 904 :
1444 848 1599 920 quicunque
1611 847 1719 904 luerunt

263 956 411 1014 Blanditias
423 953 481 1022 uni,
494 952 566 1009 lerre
581 948 737 1007 tamosiste
752 954 867 1019 petatur.
1108 940 1210 996 Nomen
1222 942 1249 996 iu
1262 943 1411 1013 Augustum
1426 941 1499 1009 lecti,
1512 949 1625 998 tenuere
1637 942 1762 997 relietum

263 1048 330 1117 Qruid
344 1048 438 1119 logum
450 1043 602 1102 incessunt
616 1041 683 1097 nibil
698 1048 741 1097 est
753 1039 1055 1110 quodiantaeauomts,
1108 1032 1259 1090 eusanium
1269 1033 1366 1089 sotium
1382 1049 1391 1092 a
1412 1042 1553 1105 posternam
1569 1044 1597 1089 tu
1613 1044 1693 1103 capua
1708 1033 1831 1101 ubuum,

264 1140 297 1195 tu
311 1148 415 1211 regnet,
430 1140 551 1194 uicturus
561 1136 623 1192 erit.
635 1135 792 1189 Commotus
807 1132 833 1187 irr
844 1131 899 1187 iras
1110 1127 1159 1184 iiio
1168 1129 1238 1196 quod
1251 1129 1333 1185 lrabct
1346 1128 1418 1185 iecit.
1431 1129 1577 1221 Traianum
1591 1128 1678 1186 Nersa
1692 1131 1800 1213 vorarit

294 1232 396 1297 botius,
404 1231 445 1286 sic
457 1243 539 1298 pauca
549 1228 646 1285 reiort:
660 1225 807 1296 Compesce
820 1222 936 1279 iurentis
982 1228 986 1237 '
1109 1220 1175 1276 Cum
1185 1221 1280 1291 pignus
1290 1220 1346 1292 jum
1361 1222 1537 1287 deterentia
1551 1222 1730 1280 Gerniauiuua
1742 1232 1817 1281 meet

267 1323 350 1393 ‚mpla
364 1330 427 1378 uota
440 1321 538 1387 auimi;
549 1327 664 1376 mortem
678 1316 806 1374 mandare
819 1316 915 1373 valebo
1109 1311 1144 1369 ur
1158 1312 1253 1380 titulis,
1270 1313 1373 1369 meritis
1386 1312 1491 1385 iuerst3
1505 1329 1550 1370 ros
1564 1315 1661 1370 ordine
1671 1315 1769 1382 currit,

265 1413 391 1482 insontis,
414 1423 515 1471 taceam
527 1413 630 1469 nostrii
643 1412 819 1482 quisquamne
832 1418 956 1479 precatur
1110 1406 1185 1464 liano
1196 1408 1280 1463 ambit
1290 1408 1398 1476 innam,
1412 1408 1534 1479 quisquis
1543 1410 1583 1465 sie
1594 1408 1698 1478 iueiplt.
1712 1409 1787 1466 Olim

264 1506 300 1564 Ut
311 1506 370 1562 sine
383 1504 540 1562 criminibus
550 1505 653 1561 crimen
665 1503 711 1558 [lat
725 1502 795 1559 beno
806 1500 900 1558 nescii
1110 1498 1175 1555 Post
1185 1498 1303 1570 Capreas
1317 1500 1420 1567 Tiberi,
1437 1509 1498 1570 pest
1508 1501 1596 1568 turpia
1609 1500 1719 1557 nuntios
1732 1501 1796 1567 cti,

263 1598 305 1655 sd
317 1591 422 1668 poe'nam
438 1598 498 1666 quis
511 1597 563 1652 luta
575 1595 674 1653 secoli
685 1605 729 1652 tua
745 1595 849 1651 uiscera
861 1593 935 1650 ierro
1109 1591 1258 1648 censuram
1273 1591 1377 1657 Claudi,
1391 1592 1521 1647 cilltaram
1534 1591 1720 1663 thalamosque
1735 1592 1863 1662 licronis,

265 1689 409 1760 Maioriane
424 1688 531 1758 potami
542 1686 659 1743 Pboebus
673 1685 696 1743 si
712 1697 790 1741 necte
802 1682 928 1755 reiulget,
1110 1681 1177 1739 Post
1191 1680 1293 1752 speculi
1309 1684 1433 1738 immanis
1448 1698 1587 1754 pompam,
1600 1698 1656 1757 quio
1667 1700 1699 1741 so
1716 1685 1764 1741 iile
1779 1685 1889 1743 ridebat

266 1781 348 1853 318
361 1780 436 1843 Luue
448 1780 502 1848 dic,
513 1780 611 1852 duplex
625 1786 707 1849 poulo
719 1777 742 1833 ei
757 1778 875 1848 plaustra
890 1783 1006 1832 notatur
1111 1773 1180 1830 iiiuc
1194 1776 1288 1845 turpis,
1304 1775 1374 1845 qued
1388 1776 1500 1845 pulcinos
1514 1775 1597 1843 Otito,
1614 1785 1676 1845 post
1691 1777 1785 1847 uoluta
1800 1776 1880 1834 viteli

267 1871 418 1938 Parrhasis,
432 1870 567 1926 Atlantem
580 1864 689 1936 Tanais,
704 1869 727 1925 si
740 1867 860 1938 Bagrada
873 1866 962 1924 cernit
1074 1850 1098 1910 Β
1111 1867 1204 1936 biillia,
1219 1868 1315 1924 lamuel
1327 1870 1429 1923 neutris
1438 1868 1565 1923 damnsta
1580 1868 1709 1935 baratre;

266 1964 416 2030 causamn,
432 1961 550 2019 ilorciuii
563 1962 683 2017 nemetis
694 1961 717 2017 si
731 1960 823 2031 stipite
837 1959 925 2015 buiris
1113 1960 1159 2016 liis
1174 1961 1258 2016 titulis
1269 1961 1394 2031 princeps
1405 1962 1501 2027 lectus,
1518 1960 1654 2031 similique
1668 1961 1755 2017 labori

266 2054 351 2110 Texta
365 2052 540 2110 Nabathueum
552 2068 602 2122 pro
614 2051 709 2107 illicne
721 2050 807 2108 sulcet
820 2052 974 2121 iiidaepem,
1114 2052 1292 2123 Vespasianus
1303 2063 1372 2109 erat.
1389 2064 1400 2093 ο
1417 2054 1472 2110 Sed
1483 2070 1519 2110 ue
1530 2053 1646 2112 larisseo
1658 2053 1771 2110 latronis
1817 2066 1826 2081 ·

266 2144 296 2213 Si
307 2148 375 2203 bibit
386 2147 520 2217 iiispunus
532 2145 662 2215 Gangem,
678 2145 827 2214 tepidisque
842 2143 1009 2215 abErplbriu
1112 2144 1154 2200 iio
1164 2144 1281 2199 clausam
1293 2146 1393 2202 uirtute
1408 2155 1494 2216 pules,
1511 2148 1681 2217 consumpsit
1690 2146 1718 2203 iu
1732 2146 1782 2205 iile

266 2241 307 2297 Ad
321 2240 503 2296 Tartesiacum
518 2238 683 2295 renitiudus
693 2245 807 2308 aqrruter
821 2236 926 2293 iberum
941 2253 949 2291 r
1113 2236 1462 2309 importunissimum
1477 2260 1484 2296 ε
1500 2241 1657 2313 Scytbicum
1669 2242 1809 2300 ieritstom

265 2333 293 2388 Si
307 2316 466 2387 se'Peilucis
479 2330 615 2401 pertundit
625 2330 753 2400 sanguine
766 2329 883 2384 caeter:
1112 2327 1169 2383 Non
1184 2330 1256 2385 sires
1270 2331 1317 2386 sod
1334 2340 1395 2386 teta
1411 2342 1514 2398 tenent,
1526 2333 1672 2404 spoliisque
1684 2335 1786 2404 petitus

266 2422 369 2478 Thesea
380 2421 504 2486 Piritbei,
521 2418 648 2492 Pyladem
658 2420 682 2477 si
694 2421 791 2475 stravit
806 2422 902 2477 Oreste
1113 2424 1267 2491 immensis,
1278 2424 1361 2479 robur
1371 2426 1435 2480 lusu
1446 2426 1502 2494 iam
1517 2426 1636 2497 perdidit
1647 2442 1740 2495 omne,

267 2512 317 2568 Tol
329 2512 470 2567 iuribunda
484 2526 589 2580 uranus,
606 2519 713 2581 rapcrot
726 2527 786 2567 curn
803 2510 915 2567 Taurica
925 2527 1002 2569 suern
1112 2519 1171 2588 Quo
1185 2519 1267 2574 valuit
1280 2517 1345 2573 dum
1360 2532 1461 2588 pauper
1473 2528 1546 2587 erut;
1563 2534 1623 2577 mea
1636 2520 1741 2578 uiscera
1755 2536 1805 2592 pro
1818 2536 1850 2581 ss

267 2605 403 2662 iiatricida
414 2606 485 2677 pius.
497 2604 551 2662 Sed
564 2607 740 2676 uesprcrisse
753 2605 873 2662 delorem
1112 2612 1141 2667 in
1154 2626 1197 2668 me
1211 2626 1282 2666 inuno
1295 2620 1399 2677 annau
1414 2612 1519 2669 laceror
1534 2621 1574 2668 tot
1583 2621 1663 2681 capte
1672 2627 1719 2683 per
1731 2600 1820 2672 sanes

267 2698 348 2755 Ferte
361 2707 435 2757 tuum
446 2698 550 2765 ridear,
563 2698 645 2768 uiuat,
657 2708 801 2770 careatque
811 2713 956 2770 parumper
1112 2702 1177 2758 lure
1186 2717 1246 2767 sue,
1263 2701 1361 2757 uirtute
1371 2705 1430 2757 rnen
1442 2720 1449 2767 ;
1463 2701 1631 2776 ieeundmuc
1642 2705 1730 2774 punis

269 2789 361 2846 llilitia
376 2788 447 2847 :lieu
459 2790 536 2848 nubis
552 2791 648 2862 potuit,
664 2791 715 2847 uisi
734 2793 811 2848 triste
823 2801 955 2862 petisses,
1112 2794 1185 2862 Quos
1197 2795 1282 2863 patiar
1297 2794 1388 2865 purim
1405 2795 1521 2865 propriis
1533 2794 1569 2849 uil
1583 2795 1796 2865 eonsseittrmis‚

268 2881 413 2940 Terluuam
429 2882 528 2940 dobere
539 2897 627 2939 stram.
641 2883 686 2941 Sic
701 2886 782 2950 latur,
796 2895 824 2942 et
839 2885 915 2941 illum
1112 2888 1233 2955 Gaetulis,
1249 2888 1382 2957 Numidis,
1397 2888 1616 2959 Garamantibus,
1633 2889 1820 2962 iutelelisque

268 2971 341 3028 liure
348 2973 424 3043 jubet
435 2975 519 3044 patrio
532 2987 623 3032 suetos
638 2985 741 3032 mutare
752 2975 873 3043 labores,
1112 2978 1253 3052 “Arzugo
1267 2979 1439 3047 llsrurarida,
1453 2979 1554 3052 Psyllo,
1567 2980 1718 3037 Nasamone
1731 2981 1841 3040 duamur

268 3062 394 3121 Fatorum
405 3074 530 3122 curreule
541 3075 611 3135 reta,
623 3081 676 3138 que
690 3067 807 3124 disceret
819 3083 885 3140 egre
1111 3069 1217 3142 Segnis,
1232 3079 1260 3127 el
1273 3070 1375 3142 ingenti
1390 3070 1554 3140 icrrumjanr
1568 3072 1653 3127 nescit
1664 3070 1786 3128 auairro.
1896 3096 1901 3107 ·

268 3155 337 3223 Quid
351 3171 534 3226 possessuram
549 3168 667 3225 malleat,
683 3174 751 3230 ques
764 3159 881 3231 denique
894 3156 983 3217 m‘ores
1106 3165 1164 3237 ipsi
1179 3171 1268 3220 autem
1283 3163 1358 3219 color
1369 3165 1526 3234 exsanguis,
1542 3179 1622 3235 quom
1633 3166 1744 3236 crapula
1757 3176 1850 3236 vexat,

269 3247 317 3303 lus
330 3249 408 3305 civile
424 3259 508 3318 paret,
521 3265 553 3306 nc
567 3251 652 3306 selarn
668 3250 762 3305 militis
776 3261 860 3331 artem
1075 3224 1099 3289 G
1114 3259 1146 3314 Er
1162 3257 1264 3328 pallens
1278 3257 1412 3329 pinguedo
1427 3265 1511 3325 leuel,
1524 3273 1662 3331 ganeaque
1674 3266 1785 3331 perenni

270 3339 363 3396 Terret
376 3340 410 3396 atl
423 3342 577 3411 imperium.
588 3341 770 3411 suspenderat
785 3343 858 3399 illesi
869 3356 943 3398 arma
1113 3353 1196 3425 320
1215 3353 1327 3409 prmus
1347 3363 1517 3409 senecensem
1534 3354 1691 3410 etomrelrus
1713 3368 1767 3413 nnn
1789 3356 1902 3428 explicat

270 3426 405 3485 emortus
418 3430 534 3499 pinsonis,
550 3434 649 3486 sterilis
660 3432 763 3503 jejunia
779 3442 858 3488 torrae
1752 3445 1867 3521 [aurem

272 3519 384 3576 Vemcrc
396 3518 599 3589 secundans,sic
611 3525 743 3594 quondam
753 3525 864 3583 consule
876 3543 958 3587 curro
1115 3532 1167 3590 Par
1180 3543 1222 3590 est
1233 3535 1287 3590 vila
1299 3533 1356 3590 suis
1370 3551 1377 3589 ε
1389 3544 1444 3591 nen
1459 3535 1499 3592 sic
1512 3534 1655 3593 barchaeus
1668 3538 1784 3609 opimam

271 3612 400 3668 vertebas
412 3627 532 3684 cauupos,
548 3614 654 3683 paulum
671 3615 693 3670 ei
707 3631 772 3684 pace
786 3631 925 3689 sentuosum
1116 3628 1246 3683 lluuuibal
1258 3629 1291 3681 ad
1302 3627 1421 3697 Capuam
1436 3628 1528 3698 periit,
1541 3643 1603 3684 eum
1619 3629 1697 3685 lertia
1713 3628 1785 3687 bello

269 3700 387 3759 Glaesiae
403 3703 531 3775 laxasses,
544 3705 621 3761 lentis
634 3707 675 3760 oui
693 3708 757 3763 irena
771 3710 884 3779 regebat
1116 3718 1187 3772 luter
1199 3718 1309 3773 delicias
1320 3714 1459 3773 mollirent
1469 3732 1583 3790 corpora
1597 3719 1666 3775 baim

269 3792 368 3848 Silvam
384 3802 443 3864 pust
458 3796 570 3865 arquilas,
586 3792 659 3851 baini
672 3798 679 3852 l
692 3786 756 3853 'ilum
767 3800 858 3868 jmictu
871 3802 976 3874 cornino
1116 3811 1146 3866 Ti
1159 3828 1187 3867 so
1199 3810 1326 3866 lucrinas
1341 3826 1392 3883 qua
1404 3812 1490 3880 tergit
1503 3812 1609 3868 Gaurus
1624 3814 1649 3867 in
1662 3814 1758 3879 undas,

270 3880 387 3940 Victoris
402 3885 504 3942 iumum
518 3886 621 3944 biberet
633 3891 749 3960 palmata
763 3893 881 3951 bubulci.
1116 3909 1226 3960 lun-luia
1242 3905 1374 3975 Massylus
1386 3905 1502 3974 lactaret
1512 3906 1586 3977 nigra
1602 3917 1716 3967 tiatatnr.

263 3975 285 4062 .¹’
300 3976 432 4048 Principis
447 3979 547 4035 interea
562 3981 652 4052 gladio
664 3983 836 4054 lacryumbile
849 3986 931 4042 iatum
1114 4000 1147 4052 ill
1158 4014 1199 4065 guo
1211 3997 1271 4053 ideo
1286 3997 1358 4053 iruna
1368 3998 1506 4054 domiuum
1522 3999 1613 4055 saltim
1630 4011 1690 4072 post
1702 4002 1802 4060 saeuis
1816 4011 1888 4061 unta

269 4069 407 4127 clauserat
418 4072 624 4146 Aertuszoujus
640 4090 693 4145 mm
706 4077 787 4132 tutius
800 4077 845 4133 ille
980 4102 984 4107 ¹
1116 4090 1234 4145 tilmon
1247 4089 1312 4146 inihi
1326 4088 1419 4157 reddo,
1436 4107 1543 4163 precor,
1555 4108 1589 4152 ne
1602 4094 1712 4151 diutieet
1727 4095 1797 4152 ultra

268 4158 362 4232 liagua
376 4161 505 4221 Palatinis
517 4167 692 4236 eortiuugcrel
705 4170 810 4240 agmina
824 4173 928 4241 turmis,
1115 4180 1247 4250 Curtliagu
1262 4181 1365 4236 ltaliam
1378 4192 1483 4238 eontra.
1500 4184 1546 4241 Sic
1560 4185 1625 4263 lata,
1636 4185 1728 4242 dolore

270 4251 603 4326 Erocatbuuepreeibus;
618 4258 667 4316 sod
683 4275 735 4317 nou
749 4276 780 4316 ee
795 4277 873 4331 pmua
890 4275 1008 4322 moratur
1056 4258 1059 4262 ⁴
1116 4273 1255 4342 ingemuit,
1271 4274 1449 4346 lucuyruisque
1464 4279 1667 4350 processdlutit
1681 4280 1794 4335 obortis.
1889 4342 1894 4351 ,

270 4344 413 4418 Sanguinis
425 4346 520 4415 eliusi3
537 4360 677 4405 numerum
687 4352 833 4450 collegerat
846 4369 921 4426 crgo,
1115 4370 1127 4404 θ
1144 4364 1191 4423 iiis
1206 4368 1263 4421 liare
1282 4368 1364 4422 ltuma
1381 4370 1474 4427 referi.
1491 4371 1597 4443 iungas
1611 4373 1737 4442 succinge
1752 4371 1886 4443 querelas,

306 4497 414 4566 *Quem
435 4496 521 4555 occidi
545 4500 675 4560 suadebat
689 4520 766 4570 uter,
781 4508 845 4564 sats
861 4509 950 4566 babuit
966 4515 1058 4574 Actius
1073 4521 1098 4581 D
1113 4519 1249 4590 referunt,
1265 4530 1293 4582 el
1308 4523 1341 4582 ati
1358 4525 1429 4582 iiiios
1442 4520 1597 4594 Genscriei,
1616 4542 1730 4601 querum
1748 4530 1842 4601 jugum
1855 4531 1902 4595 all,

271 4566 560 4652 iiejerianumsmilitia
577 4574 699 4642 privare,
716 4574 1057 4665 domumquouremittero:
1111 4594 1217 4663 quando
1233 4608 1345 4662 passura
1365 4596 1411 4653 sit.
1424 4596 1478 4654 Sed
1490 4600 1630 4671 dequibus
1641 4601 1776 4671 loquatur,
1787 4603 1902 4661 ostendii

142 4692 149 4703 ,
237 4637 1059 4722 -121undemaulamposteamertuobetro,oreeelus
1111 4663 1271 4736 libycarum
1283 4667 1404 4734 gentium
1420 4674 1587 4726 criumeratiu
1601 4687 1660 4741 gurm
1676 4673 1807 4741 renititur.
1894 4680 1898 4687 '

270 4720 337 4764 csta
353 4708 546 4769 llaleulinlane.
560 4715 596 4770 itu
610 4716 689 4773 saluti
703 4718 740 4773 illi
756 4719 814 4789 luil,
827 4723 964 4796 quodep'us
977 4730 1059 4787 exitio
1146 4732 1159 4771 ‘¹
1180 4736 1315 4805 Arzugum
1335 4738 1472 4807 regionem
1488 4740 1598 4796 Orosius
1618 4744 1740 4798 camdem
1763 4744 1800 4798 ait
1821 4742 1903 4803 misso

270 4782 423 4850 immimi-
622 4857 657 4869 Η
776 4863 783 4877 ,
1098 4819 1170 4873 ,eum
1190 4805 1292 4876 Tripoli
1319 4810 1466 4877 prouincia,
1489 4811 1517 4866 in
1539 4827 1589 4881 quir
1612 4812 1702 4882 Leptis
1722 4824 1763 4869 est
1786 4814 1902 4885 liagna':

306 4847 427 4933 b(isaeus
441 4863 482 4909 est
496 4866 509 4908 a
525 4854 711 4942 Valentiniano
725 4862 818 4920 dolius
837 4880 908 4947 enne
926 4868 995 4936 iel,
1013 4886 1057 4929 se·
1112 4876 1243 4943 Quemvis,
1264 4877 1359 4948 inquil,
1377 4881 1444 4935 drzu
1465 4896 1489 4935 er
1509 4898 1553 4947 per
1570 4884 1672 4954 lengum
1686 4883 1783 4953 Africo
1796 4884 1902 4940 limitem

271 4923 650 5013 quentiannelaluutmiauue
666 4946 723 5000 ipse
740 4935 774 4988 ab
790 4938 858 4991 ¹lotii
872 4936 1055 4999 lumilirribus.
1110 4949 1261 5018 peruramur
1283 4946 1411 5006 dicuutur.
1437 4899 1512 5020 duod
1537 4966 1602 5006 serre
1626 4954 1713 5010 torius
1735 4966 1815 5021 puto;
1841 4970 1901 5012 cum

270 4991 327 5047 tum
343 5001 410 5077 tutu⁸
423 5008 487 5079 crgo
500 5012 624 5082 regnare,
641 5002 743 5086 inquit.
759 5015 863 5090 poterat
874 5006 1057 5091 'blojorlauus
1111 5020 1227 5087 Arzitges
1242 5030 1256 5074 a
1272 5018 1445 5088 Tripolitanis
1460 5031 1590 5092 perpetuo
1603 5022 1728 5095 distingui
1743 5023 1860 5087 videam,
1875 5032 1903 5083 ul

269 5062 322 5119 sod
342 5063 476 5148 ieiunitatis
490 5063 540 5123 luit
553 5078 684 5141 tantisper
695 5072 805 5157 diiierrr,
822 5093 855 5133 ne
873 5079 1060 5152 rlldregnante
1110 5087 1136 5142 in
1152 5088 1255 5159 synodo
1269 5088 1392 5146 biricnua
1414 5100 1474 5147 eun.
1495 5090 1528 5148 ld
1544 5104 1571 5148 ct
1586 5096 1631 5160 lii,
1657 5105 1682 5150 el
1702 5097 1736 5151 ab
1754 5098 1902 5167 Augustino

270 5133 671 5222 aiandaitsiiemaoaperotur.
681 5141 776 5201 Futtet
787 5148 878 5231 glorian
890 5152 1028 5220 imperium
1043 5172 1058 5211 a
1110 5159 1189 5229 epist.
1205 5160 1249 5224 is,
1263 5161 1308 5229 uui
1321 5162 1464 5218 interiores
1474 5166 1507 5217 ad
1521 5164 1660 5219 meridiem
1671 5180 1731 5221 osse
1748 5166 1838 5232 decet,
1853 5168 1902 5221 lma

271 5202 417 5287 iiapormno
431 5221 504 5289 prius
519 5210 624 5295 restitui
638 5228 716 5297 quiam
730 5220 840 5300 suscipi.
856 5218 921 5276 Nam
937 5220 1058 5283 (lustres
1110 5240 1161 5296 cst,
1179 5230 1205 5285 ln
1218 5230 1302 5285 limito
1316 5234 1373 5301 ipso
1387 5235 1495 5288 tiletum.
1509 5235 1649 5291 Publicola
1660 5236 1808 5304 Augustino
1822 5238 1901 5321 epist,

270 5273 389 5344 plerique
411 5275 533 5334 relietum
555 5282 606 5336 subt
619 5282 654 5339 ab
667 5282 727 5370 aliis
740 5288 835 5344 solium
855 5303 998 5363 occupant,
1016 5297 1058 5352 iric
1111 5298 1162 5356 lde
1182 5319 1188 5354 :
1210 5300 1244 5355 lu
1267 5301 1418 5373 mungilito,
1444 5305 1583 5371 intuemini,
1605 5307 1737 5361 decrerioni
1761 5310 1807 5380 qui
1829 5306 1903 5363 limiti

271 5346 580 5429 nouumquodammodo
591 5361 651 5422 pest
661 5370 748 5413 tortas
761 5358 851 5416 clades
865 5362 936 5430 lecit,
951 5372 979 5419 ul
993 5367 1056 5424 olim
1109 5382 1211 5440 preest,
1228 5371 1267 5425 ecl
1281 5373 1382 5426 tribune
1401 5374 1480 5428 uolent
1489 5378 1581 5447 jurare
1594 5377 1706 5445 barderi,
1723 5380 1845 5451 jruuules
1860 5394 1902 5444 per

271 5412 475 5503 V⁰⁸T³⁸¹⁸”⁰³‚·‚
679 5497 685 5510 Ι
1032 5480 1037 5491 .
1110 5441 1236 5497 decuteret
1249 5457 1319 5505 auor,
1339 5444 1381 5510 rpei
1397 5444 1432 5497 mi
1450 5444 1612 5501 deducemini
1627 5451 1745 5517 besingus
1759 5450 1828 5519 pacti
1845 5449 1900 5521 [uc-

307 5495 319 5525 ο
339 5486 496 5545 Gonsenri:
512 5504 591 5574 quem
606 5498 720 5568 amplius
735 5504 908 5561 metuendum
924 5515 1013 5579 negat,
1029 5516 1058 5565 ut
1109 5512 1171 5565 uini.
1188 5513 1217 5567 in
1232 5512 1332 5567 Aurelii
1347 5528 1410 5569 uero
1421 5517 1538 5587 episcopi
1546 5516 1779 5589 'Cartiiagiuieusls
1790 5519 1900 5590 epistola

269 5556 315 5627 qui
335 5558 399 5613 luxu
415 5574 475 5615 cum
497 5574 563 5631 suus,
585 5570 712 5638 tanquam
735 5570 866 5630 iiannibai
880 5574 912 5631 ud
928 5579 1076 5649 Capuam·
1110 5589 1200 5636 contre
1223 5582 1380 5638 Coelostium
1402 5597 1428 5642 ct
1442 5585 1583 5659 ,Pelagium
1604 5588 1749 5647 tauricana
1766 5594 1900 5663 provincia

268 5626 324 5696 iarn
339 5628 438 5713 inactus
452 5641 479 5687 el
489 5646 641 5719 auersatus,
658 5641 713 5695 sold
726 5641 851 5700 Afrorum
870 5649 983 5705 militum
1000 5650 1057 5706 ‘tirss
1109 5650 1207 5722 legitur
1221 5668 1270 5725 pre
1284 5653 1454 5725 Arzugitnna.

271 5708 326 5753 tute
337 5708 446 5787 nitatur.
459 5702 515 5761 iiec
525 5718 596 5763 emm
607 5719 647 5765 cst
659 5712 729 5783 quod
744 5715 863 5784 queritur
873 5717 972 5791 Africa,
987 5723 1012 5776 iu
1028 5738 1058 5780 so
1146 5733 1158 5761 ⁸
1179 5723 1276 5780 liriaco
1290 5728 1413 5795 precibus
1428 5729 1512 5787 Reum
1526 5732 1561 5786 ita
1576 5730 1731 5805 respondet,
1760 5742 1788 5789 ut
1809 5742 1901 5792 ueniu-

271 5782 369 5857 artuaru
386 5789 488 5833 uiscera
503 5792 565 5862 suu
587 5795 616 5864 so
638 5797 732 5853 parere
746 5798 812 5855 ques
827 5790 951 5858 patiatur.
973 5792 1058 5849 Aliter
1110 5809 1168 5850 rum
1180 5796 1212 5851 ad
1228 5795 1313 5867 ipsam
1326 5797 1492 5857 liberandam
1506 5801 1681 5871 biajoriunum
1697 5807 1839 5876 spondeat,
1855 5805 1901 5864 sed

271 5839 330 5896 alus
344 5857 428 5902 ursum
442 5857 538 5919 sentio,
553 5866 598 5923 qm
613 5851 670 5911 bace
680 5856 712 5912 ad
732 5857 860 5916 Bouilecii
881 5864 1058 5933 proditionem
1109 5868 1246 5925 uisendam
1260 5868 1283 5925 oi
1299 5869 1374 5940 prius
1385 5871 1498 5930 Galliam
1512 5888 1582 5946 esse,
1601 5878 1709 5947 animab
1724 5879 1835 5935 interitu
1849 5877 1900 5937 ie·
