<?xml version="1.0" encoding="UTF-8"?>
<!DOCTYPE html PUBLIC "-//W3C//DTD XHTML 1.0 Transitional//EN"
    "http://www.w3.org/TR/xhtml1/DTD/xhtml1-transitional.dtd">
<html xmlns="http://www.w3.org/1999/xhtml" xml:lang="en" lang="en">
 <head>
  <title>
</title>
<meta http-equiv="Content-Type" content="text/html;charset=utf-8" />
  <meta name='ocr-system' content='tesseract 3.04.00' />
  <meta name='ocr-capabilities' content='ocr_page ocr_carea ocr_par ocr_line ocrx_word'/>
</head>
<body>
  <div class='ocr_page' id='page_1' title='image "./patrologiaecurs224unkngoog/patrologiaecurs224unkngoog_0251.png"; bbox 0 0 4090 6348; ppageno 0'>
   <div class='ocr_carea' id='block_1_1' title="bbox 983 327 1068 365">
    <p class='ocr_par' dir='ltr' id='par_1_1' title="bbox 983 327 1068 365">
     <span class='ocr_line' id='line_1_1' title="bbox 983 327 1068 365; baseline -0.012 -19"><span class='ocrx_word' id='word_1_1' title='bbox 983 327 1053 365; x_wconf 53' lang='lat' dir='ltr'><strong><em>w*</em></strong></span> <span class='ocrx_word' id='word_1_2' title='bbox 1066 340 1068 345; x_wconf 55' lang='lat' dir='ltr'><strong><em>s</em></strong></span> 
     </span>
    </p>
   </div>
   <div class='ocr_carea' id='block_1_2' title="bbox 832 425 1238 486">
    <p class='ocr_par' dir='ltr' id='par_1_2' title="bbox 832 425 1238 486">
     <span class='ocr_line' id='line_1_2' title="bbox 832 425 1238 486; baseline -0.007 0"><span class='ocrx_word' id='word_1_3' title='bbox 832 426 986 486; x_wconf 75' lang='lat' dir='ltr'>SIDONIUS</span> <span class='ocrx_word' id='word_1_4' title='bbox 1004 425 1238 486; x_wconf 70' lang='lat' dir='ltr'><strong><em>succussus.</em></strong></span> 
     </span>
    </p>
   </div>
   <div class='ocr_carea' id='block_1_3' title="bbox 814 653 1252 721">
    <p class='ocr_par' dir='ltr' id='par_1_3' title="bbox 814 653 1252 721">
     <span class='ocr_line' id='line_1_3' title="bbox 814 653 1252 721; baseline -0.019 0"><span class='ocrx_word' id='word_1_5' title='bbox 814 673 896 721; x_wconf 81' lang='lat' dir='ltr'><strong><em>suno</em></strong></span> <span class='ocrx_word' id='word_1_6' title='bbox 916 672 1031 720; x_wconf 74' lang='lat' dir='ltr'><strong><em>cousus</em></strong></span> <span class='ocrx_word' id='word_1_7' title='bbox 1050 653 1252 720; x_wconf 80' lang='lat' dir='ltr'><strong><em>cccccmis</em></strong></span> 
     </span>
    </p>
   </div>
   <div class='ocr_carea' id='block_1_4' title="bbox 189 698 1793 1248">
    <p class='ocr_par' dir='ltr' id='par_1_4' title="bbox 189 698 1793 1248">
     <span class='ocr_line' id='line_1_4' title="bbox 189 698 1793 1248; baseline -0.005 -217.552"><span class='ocrx_word' id='word_1_8' title='bbox 189 813 863 1248; x_wconf 68' lang='lat' dir='ltr'><strong><em>maanus</em></strong></span> <span class='ocrx_word' id='word_1_9' title='bbox 947 698 1793 1022; x_wconf 67' lang='lat' dir='ltr'><strong><em>maculatus</em></strong></span> 
     </span>
    </p>
   </div>
   <div class='ocr_carea' id='block_1_5' title="bbox 816 1095 1233 1152">
    <p class='ocr_par' dir='ltr' id='par_1_5' title="bbox 816 1095 1233 1152">
     <span class='ocr_line' id='line_1_5' title="bbox 816 1095 1233 1152; baseline 0 -1"><span class='ocrx_word' id='word_1_10' title='bbox 816 1095 1032 1151; x_wconf 62' lang='lat' dir='ltr'><strong><em>intunduntur</em></strong></span> <span class='ocrx_word' id='word_1_11' title='bbox 1052 1097 1233 1152; x_wconf 66' lang='lat' dir='ltr'><strong><em>episcorum</em></strong></span> 
     </span>
    </p>
   </div>
   <div class='ocr_carea' id='block_1_6' title="bbox 686 1332 1338 1444">
    <p class='ocr_par' dir='ltr' id='par_1_6' title="bbox 686 1332 1338 1444">
     <span class='ocr_line' id='line_1_6' title="bbox 686 1332 1338 1444; baseline 0 -1"><span class='ocrx_word' id='word_1_12' title='bbox 686 1332 1338 1444; x_wconf 76' lang='lat' dir='ltr'><strong>PROLEGOMENA.</strong></span> 
     </span>
    </p>
   </div>
   <div class='ocr_carea' id='block_1_7' title="bbox 924 1536 1167 1561">
    <p class='ocr_par' dir='ltr' id='par_1_7' title="bbox 924 1536 1167 1561">
     <span class='ocr_line' id='line_1_7' title="bbox 924 1536 1167 1561; baseline 0 -5"><span class='ocrx_word' id='word_1_13' title='bbox 924 1536 1167 1561; x_wconf 54' lang='lat' dir='ltr'><em>m</em></span> 
     </span>
    </p>
   </div>
   <div class='ocr_carea' id='block_1_8' title="bbox 643 1638 1436 1755">
    <p class='ocr_par' dir='ltr' id='par_1_8' title="bbox 643 1638 1436 1755">
     <span class='ocr_line' id='line_1_8' title="bbox 643 1638 1436 1755; baseline -0.014 -1"><span class='ocrx_word' id='word_1_14' title='bbox 643 1673 949 1755; x_wconf 74' lang='lat' dir='ltr'><strong>EPISTULA</strong></span> <span class='ocrx_word' id='word_1_15' title='bbox 984 1638 1436 1755; x_wconf 77' lang='lat' dir='ltr'><strong>DEDIGATORIA.</strong></span> 
     </span>
    </p>
   </div>
   <div class='ocr_carea' id='block_1_9' title="bbox 596 1834 1486 1906">
    <p class='ocr_par' dir='ltr' id='par_1_9' title="bbox 596 1834 1486 1906">
     <span class='ocr_line' id='line_1_9' title="bbox 596 1834 1486 1906; baseline -0.009 -6"><span class='ocrx_word' id='word_1_16' title='bbox 596 1834 731 1902; x_wconf 84' lang='lat' dir='ltr'><strong><em>lscouus</em></strong></span> <span class='ocrx_word' id='word_1_17' title='bbox 762 1837 947 1900; x_wconf 81' lang='lat' dir='ltr'><strong><em>Ssuuouoas</em></strong></span> <span class='ocrx_word' id='word_1_18' title='bbox 981 1834 1486 1906; x_wconf 77' lang='lat' dir='ltr'><strong><em>D..Ruc1rucsr.osullsuosno,</em></strong></span> 
     </span>
    </p>
   </div>
   <div class='ocr_carea' id='block_1_10' title="bbox 216 1943 1407 2070">
    <p class='ocr_par' dir='ltr' id='par_1_10' title="bbox 216 1928 1407 2081">
     <span class='ocr_line' id='line_1_10' title="bbox 216 1943 1407 2070; baseline 0.014 -45"><span class='ocrx_word' id='word_1_19' title='bbox 216 1955 263 2070; x_wconf 39' lang='grc' dir='ltr'><strong><em>ἰιι</em></strong></span> <span class='ocrx_word' id='word_1_20' title='bbox 285 2010 288 2015; x_wconf 59' lang='grc'><strong>»</strong></span> <span class='ocrx_word' id='word_1_21' title='bbox 314 1972 333 1987; x_wconf 68' lang='grc'><strong><em>’“</em></strong></span> <span class='ocrx_word' id='word_1_22' title='bbox 364 1954 382 2070; x_wconf 16' lang='grc' dir='ltr'><strong><em>’ζ</em></strong></span> <span class='ocrx_word' id='word_1_23' title='bbox 434 1943 438 1949; x_wconf 35' lang='grc'><em>“</em></span> <span class='ocrx_word' id='word_1_24' title='bbox 670 1980 705 2045; x_wconf 83' lang='lat' dir='ltr'><strong><em>S.</em></strong></span> <span class='ocrx_word' id='word_1_25' title='bbox 719 1980 758 2044; x_wconf 81' lang='lat' dir='ltr'><strong><em>ll.</em></strong></span> <span class='ocrx_word' id='word_1_26' title='bbox 773 1978 814 2046; x_wconf 83' lang='lat' dir='ltr'><strong><em>li.</em></strong></span> <span class='ocrx_word' id='word_1_27' title='bbox 834 1981 993 2046; x_wconf 75' lang='lat' dir='ltr'><strong><em>cardinali</em></strong></span> <span class='ocrx_word' id='word_1_28' title='bbox 1006 1984 1150 2064; x_wconf 85' lang='lat' dir='ltr'><strong><em>episcopo</em></strong></span> <span class='ocrx_word' id='word_1_29' title='bbox 1166 1980 1407 2049; x_wconf 81' lang='lat' dir='ltr'><strong><em>Silvanectensi.</em></strong></span> 
     </span>
    </p>
   </div>
   <div class='ocr_carea' id='block_1_11' title="bbox 247 2064 532 2145">
    <p class='ocr_par' dir='ltr' id='par_1_11' title="bbox 247 2064 532 2151">
     <span class='ocr_line' id='line_1_11' title="bbox 247 2064 251 2087; baseline 0 0"><span class='ocrx_word' id='word_1_30' title='bbox 247 2064 251 2087; x_wconf 91' lang='lat' dir='ltr'><strong><em>l</em></strong></span> 
     </span>
     <span class='ocr_line' id='line_1_12' title="bbox 263 2095 532 2145; baseline 0 -1"><span class='ocrx_word' id='word_1_31' title='bbox 263 2099 267 2109; x_wconf 91' lang='lat'>&#39;</span> <span class='ocrx_word' id='word_1_32' title='bbox 331 2106 343 2143; x_wconf 81' lang='lat' dir='ltr'><strong><em>r</em></strong></span> <span class='ocrx_word' id='word_1_33' title='bbox 457 2095 532 2145; x_wconf 57' lang='lat' dir='ltr'><strong><em>*ul*</em></strong></span> 
     </span>
    </p>
   </div>
   <div class='ocr_carea' id='block_1_12' title="bbox 207 2245 1860 3743">
    <p class='ocr_par' dir='ltr' id='par_1_12' title="bbox 212 2245 1859 2636">
     <span class='ocr_line' id='line_1_13' title="bbox 212 2245 1858 2339; baseline -0.008 -21"><span class='ocrx_word' id='word_1_34' title='bbox 212 2330 217 2335; x_wconf 37' lang='grc'>,</span> <span class='ocrx_word' id='word_1_35' title='bbox 266 2253 461 2317; x_wconf 84' lang='lat' dir='ltr'><strong><em>Destinolum</em></strong></span> <span class='ocrx_word' id='word_1_36' title='bbox 476 2253 535 2318; x_wconf 90' lang='lat' dir='ltr'><strong><em>tibi</em></strong></span> <span class='ocrx_word' id='word_1_37' title='bbox 547 2257 619 2319; x_wconf 90' lang='lat' dir='ltr'><strong><em>ante</em></strong></span> <span class='ocrx_word' id='word_1_38' title='bbox 634 2271 733 2319; x_wconf 88' lang='lat' dir='ltr'><strong><em>annos</em></strong></span> <span class='ocrx_word' id='word_1_39' title='bbox 745 2252 919 2339; x_wconf 88' lang='lat' dir='ltr'><strong><em>complures</em></strong></span> <span class='ocrx_word' id='word_1_40' title='bbox 932 2256 1100 2323; x_wconf 84' lang='lat' dir='ltr'><strong><em>Sidonium</em></strong></span> <span class='ocrx_word' id='word_1_41' title='bbox 1116 2264 1273 2331; x_wconf 90' lang='lat' dir='ltr'><strong><em>nostrum,</em></strong></span> <span class='ocrx_word' id='word_1_42' title='bbox 1290 2250 1499 2319; x_wconf 88' lang='lat' dir='ltr'><strong><em>illustrissime</em></strong></span> <span class='ocrx_word' id='word_1_43' title='bbox 1513 2245 1696 2322; x_wconf 83' lang='lat' dir='ltr'><strong><em>cardinalis,</em></strong></span> <span class='ocrx_word' id='word_1_44' title='bbox 1707 2260 1767 2327; x_wconf 90' lang='lat' dir='ltr'><strong><em>pro</em></strong></span> <span class='ocrx_word' id='word_1_45' title='bbox 1784 2255 1858 2307; x_wconf 89' lang='lat' dir='ltr'><strong><em>ooto</em></strong></span> 
     </span>
     <span class='ocr_line' id='line_1_14' title="bbox 226 2346 1858 2440; baseline -0.006 -21"><span class='ocrx_word' id='word_1_46' title='bbox 226 2354 344 2419; x_wconf 86' lang='lat' dir='ltr'><strong><em>occidit</em></strong></span> <span class='ocrx_word' id='word_1_47' title='bbox 358 2362 395 2417; x_wconf 89' lang='lat' dir='ltr'><strong><em>ut</em></strong></span> <span class='ocrx_word' id='word_1_48' title='bbox 409 2373 466 2435; x_wconf 89' lang='lat' dir='ltr'><strong><em>per</em></strong></span> <span class='ocrx_word' id='word_1_49' title='bbox 481 2356 601 2419; x_wconf 86' lang='lat' dir='ltr'><strong><em>eosdem</em></strong></span> <span class='ocrx_word' id='word_1_50' title='bbox 615 2358 678 2437; x_wconf 77' lang='lat' dir='ltr'><strong><em>sere</em></strong></span> <span class='ocrx_word' id='word_1_51' title='bbox 694 2357 758 2420; x_wconf 88' lang='lat' dir='ltr'><strong><em>dies</em></strong></span> <span class='ocrx_word' id='word_1_52' title='bbox 771 2359 860 2437; x_wconf 82' lang='lat' dir='ltr'><strong><em>prela</em></strong></span> <span class='ocrx_word' id='word_1_53' title='bbox 878 2357 1072 2439; x_wconf 72' lang='lat' dir='ltr'><strong><em>subjicerem,</em></strong></span> <span class='ocrx_word' id='word_1_54' title='bbox 1088 2358 1202 2440; x_wconf 90' lang='lat' dir='ltr'><strong><em>quibus</em></strong></span> <span class='ocrx_word' id='word_1_55' title='bbox 1217 2355 1297 2419; x_wconf 87' lang='lat' dir='ltr'><strong><em>teob</em></strong></span> <span class='ocrx_word' id='word_1_56' title='bbox 1311 2354 1410 2418; x_wconf 84' lang='lat' dir='ltr'><strong><em>ltalia</em></strong></span> <span class='ocrx_word' id='word_1_57' title='bbox 1425 2352 1567 2415; x_wconf 86' lang='lat' dir='ltr'><strong><em>reducem</em></strong></span> <span class='ocrx_word' id='word_1_58' title='bbox 1585 2348 1737 2429; x_wconf 85' lang='lat' dir='ltr'><strong><em>plaudens</em></strong></span> <span class='ocrx_word' id='word_1_59' title='bbox 1753 2346 1858 2411; x_wconf 85' lang='lat' dir='ltr'><strong><em>Gallia</em></strong></span> 
     </span>
     <span class='ocr_line' id='line_1_15' title="bbox 226 2449 1858 2541; baseline -0.003 -26"><span class='ocrx_word' id='word_1_60' title='bbox 226 2456 361 2541; x_wconf 86' lang='lat' dir='ltr'><strong><em>priuatis</em></strong></span> <span class='ocrx_word' id='word_1_61' title='bbox 370 2453 565 2537; x_wconf 67' lang='lat' dir='ltr'><strong><em>publicisque</em></strong></span> <span class='ocrx_word' id='word_1_62' title='bbox 577 2455 845 2537; x_wconf 60' lang='lat' dir='ltr'><strong><em>maculationibus</em></strong></span> <span class='ocrx_word' id='word_1_63' title='bbox 858 2458 1115 2541; x_wconf 75' lang='lat' dir='ltr'><strong><em>prosequebatur.</em></strong></span> <span class='ocrx_word' id='word_1_64' title='bbox 1130 2456 1213 2526; x_wconf 83' lang='lat' dir='ltr'><strong><em>liam</em></strong></span> <span class='ocrx_word' id='word_1_65' title='bbox 1230 2472 1298 2521; x_wconf 88' lang='lat' dir='ltr'><strong><em>cum</em></strong></span> <span class='ocrx_word' id='word_1_66' title='bbox 1312 2476 1331 2519; x_wconf 92' lang='lat' dir='ltr'><strong><em>a</em></strong></span> <span class='ocrx_word' id='word_1_67' title='bbox 1347 2472 1392 2517; x_wconf 90' lang='lat' dir='ltr'><strong><em>me</em></strong></span> <span class='ocrx_word' id='word_1_68' title='bbox 1406 2453 1514 2518; x_wconf 90' lang='lat' dir='ltr'><strong><em>itidem</em></strong></span> <span class='ocrx_word' id='word_1_69' title='bbox 1531 2470 1572 2514; x_wconf 82' lang='lat' dir='ltr'><strong><em>eor</em></strong></span> <span class='ocrx_word' id='word_1_70' title='bbox 1585 2449 1698 2513; x_wconf 85' lang='lat' dir='ltr'><strong><em>ueteris</em></strong></span> <span class='ocrx_word' id='word_1_71' title='bbox 1711 2449 1858 2514; x_wconf 86' lang='lat' dir='ltr'><strong><em>clientela</em></strong></span> 
     </span>
     <span class='ocr_line' id='line_1_16' title="bbox 225 2546 1859 2636; baseline -0.005 -18"><span class='ocrx_word' id='word_1_72' title='bbox 225 2573 313 2618; x_wconf 79' lang='lat' dir='ltr'><strong><em>nonu</em></strong></span> <span class='ocrx_word' id='word_1_73' title='bbox 326 2554 543 2617; x_wconf 87' lang='lat' dir='ltr'><strong><em>aduentarium</em></strong></span> <span class='ocrx_word' id='word_1_74' title='bbox 556 2554 615 2618; x_wconf 90' lang='lat' dir='ltr'><strong><em>tibi</em></strong></span> <span class='ocrx_word' id='word_1_75' title='bbox 625 2573 737 2618; x_wconf 89' lang='lat' dir='ltr'><strong><em>munus</em></strong></span> <span class='ocrx_word' id='word_1_76' title='bbox 750 2557 882 2636; x_wconf 87' lang='lat' dir='ltr'><strong><em>oliquod</em></strong></span> <span class='ocrx_word' id='word_1_77' title='bbox 898 2557 1002 2621; x_wconf 86' lang='lat' dir='ltr'><strong><em>deberi</em></strong></span> <span class='ocrx_word' id='word_1_78' title='bbox 1018 2560 1177 2634; x_wconf 87' lang='lat' dir='ltr'><strong><em>sentirem,</em></strong></span> <span class='ocrx_word' id='word_1_79' title='bbox 1196 2555 1367 2636; x_wconf 87' lang='lat' dir='ltr'><strong><em>oplandum</em></strong></span> <span class='ocrx_word' id='word_1_80' title='bbox 1382 2560 1449 2615; x_wconf 90' lang='lat' dir='ltr'><strong><em>erat</em></strong></span> <span class='ocrx_word' id='word_1_81' title='bbox 1462 2551 1604 2632; x_wconf 78' lang='lat' dir='ltr'><strong><em>prosecta</em></strong></span> <span class='ocrx_word' id='word_1_82' title='bbox 1624 2557 1662 2611; x_wconf 89' lang='lat' dir='ltr'><strong><em>ut</em></strong></span> <span class='ocrx_word' id='word_1_83' title='bbox 1682 2546 1743 2612; x_wconf 89' lang='lat' dir='ltr'><strong><em>lale</em></strong></span> <span class='ocrx_word' id='word_1_84' title='bbox 1755 2548 1859 2610; x_wconf 74' lang='lat' dir='ltr'><strong><em>nanci-</em></strong></span> 
     </span>
    </p>

    <p class='ocr_par' dir='ltr' id='par_1_13' title="bbox 207 2638 1860 3743">
     <span class='ocr_line' id='line_1_17' title="bbox 207 2638 1860 2737; baseline -0.001 -24"><span class='ocrx_word' id='word_1_85' title='bbox 207 2678 212 2683; x_wconf 92' lang='lat'><strong>·</strong></span> <span class='ocrx_word' id='word_1_86' title='bbox 228 2666 340 2728; x_wconf 87' lang='lat' dir='ltr'><strong><em>scerer,</em></strong></span> <span class='ocrx_word' id='word_1_87' title='bbox 355 2652 440 2735; x_wconf 87' lang='lat' dir='ltr'><strong><em>quod</em></strong></span> <span class='ocrx_word' id='word_1_88' title='bbox 451 2666 517 2716; x_wconf 85' lang='lat' dir='ltr'><strong><em>non</em></strong></span> <span class='ocrx_word' id='word_1_89' title='bbox 532 2652 632 2716; x_wconf 91' lang='lat' dir='ltr'><strong><em>solum</em></strong></span> <span class='ocrx_word' id='word_1_90' title='bbox 648 2654 801 2718; x_wconf 80' lang='lat' dir='ltr'><strong><em>desideria</em></strong></span> <span class='ocrx_word' id='word_1_91' title='bbox 814 2638 922 2719; x_wconf 85' lang='lat' dir='ltr'><strong><em>nostra</em></strong></span> <span class='ocrx_word' id='word_1_92' title='bbox 939 2658 1060 2733; x_wconf 88' lang='lat' dir='ltr'><strong><em>testari,</em></strong></span> <span class='ocrx_word' id='word_1_93' title='bbox 1078 2656 1131 2719; x_wconf 88' lang='lat' dir='ltr'><strong><em>sed</em></strong></span> <span class='ocrx_word' id='word_1_94' title='bbox 1146 2663 1230 2718; x_wconf 87' lang='lat' dir='ltr'><strong><em>tunm</em></strong></span> <span class='ocrx_word' id='word_1_95' title='bbox 1253 2670 1373 2737; x_wconf 91' lang='lat' dir='ltr'><strong><em>quoque</em></strong></span> <span class='ocrx_word' id='word_1_96' title='bbox 1397 2653 1532 2734; x_wconf 85' lang='lat' dir='ltr'><strong><em>qratiam</em></strong></span> <span class='ocrx_word' id='word_1_97' title='bbox 1544 2650 1628 2714; x_wconf 87' lang='lat' dir='ltr'><strong><em>inire</em></strong></span> <span class='ocrx_word' id='word_1_98' title='bbox 1641 2668 1677 2713; x_wconf 92' lang='lat' dir='ltr'><strong><em>ac</em></strong></span> <span class='ocrx_word' id='word_1_99' title='bbox 1689 2651 1860 2731; x_wconf 88' lang='lat' dir='ltr'><strong><em>promereri</em></strong></span> 
     </span>
     <span class='ocr_line' id='line_1_18' title="bbox 227 2747 1860 2838; baseline -0.004 -22"><span class='ocrx_word' id='word_1_100' title='bbox 227 2760 340 2835; x_wconf 87' lang='lat' dir='ltr'><strong><em>posset.</em></strong></span> <span class='ocrx_word' id='word_1_101' title='bbox 355 2752 448 2829; x_wconf 89' lang='lat' dir='ltr'><strong><em>Nunc</em></strong></span> <span class='ocrx_word' id='word_1_102' title='bbox 462 2768 534 2816; x_wconf 88' lang='lat' dir='ltr'><strong><em>aero</em></strong></span> <span class='ocrx_word' id='word_1_103' title='bbox 545 2773 603 2819; x_wconf 91' lang='lat' dir='ltr'><strong><em>sua</em></strong></span> <span class='ocrx_word' id='word_1_104' title='bbox 614 2760 723 2835; x_wconf 89' lang='lat' dir='ltr'><strong><em>sponte</em></strong></span> <span class='ocrx_word' id='word_1_105' title='bbox 742 2753 777 2818; x_wconf 91' lang='lat' dir='ltr'><strong><em>id</em></strong></span> <span class='ocrx_word' id='word_1_106' title='bbox 789 2754 926 2821; x_wconf 89' lang='lat' dir='ltr'><strong><em>oblatum</em></strong></span> <span class='ocrx_word' id='word_1_107' title='bbox 940 2754 998 2836; x_wconf 88' lang='lat' dir='ltr'><strong><em>est,</em></strong></span> <span class='ocrx_word' id='word_1_108' title='bbox 1016 2756 1100 2838; x_wconf 89' lang='lat' dir='ltr'><strong><em>quod</em></strong></span> <span class='ocrx_word' id='word_1_109' title='bbox 1109 2752 1211 2818; x_wconf 86' lang='lat' dir='ltr'><strong><em>amari</em></strong></span> <span class='ocrx_word' id='word_1_110' title='bbox 1223 2754 1277 2817; x_wconf 87' lang='lat' dir='ltr'><strong><em>abs</em></strong></span> <span class='ocrx_word' id='word_1_111' title='bbox 1292 2760 1334 2831; x_wconf 88' lang='lat' dir='ltr'><strong><em>le,</em></strong></span> <span class='ocrx_word' id='word_1_112' title='bbox 1349 2752 1379 2815; x_wconf 88' lang='lat' dir='ltr'><strong><em>si</em></strong></span> <span class='ocrx_word' id='word_1_113' title='bbox 1393 2758 1422 2813; x_wconf 89' lang='lat' dir='ltr'><strong><em>te</em></strong></span> <span class='ocrx_word' id='word_1_114' title='bbox 1435 2769 1518 2812; x_wconf 90' lang='lat' dir='ltr'><strong><em>amos</em></strong></span> <span class='ocrx_word' id='word_1_115' title='bbox 1521 2747 1729 2830; x_wconf 87' lang='lat' dir='ltr'><strong><em>,probarique</em></strong></span> <span class='ocrx_word' id='word_1_116' title='bbox 1741 2761 1860 2812; x_wconf 86' lang='lat' dir='ltr'><strong><em>necesse</em></strong></span> 
     </span>
     <span class='ocr_line' id='line_1_19' title="bbox 228 2849 1859 2938; baseline -0.002 -23"><span class='ocrx_word' id='word_1_117' title='bbox 228 2854 283 2915; x_wconf 89' lang='lat' dir='ltr'><strong><em>sit.</em></strong></span> <span class='ocrx_word' id='word_1_118' title='bbox 301 2852 386 2928; x_wconf 89' lang='lat' dir='ltr'><strong><em>Quid</em></strong></span> <span class='ocrx_word' id='word_1_119' title='bbox 407 2854 488 2917; x_wconf 90' lang='lat' dir='ltr'><strong><em>enim</em></strong></span> <span class='ocrx_word' id='word_1_120' title='bbox 500 2853 590 2917; x_wconf 89' lang='lat' dir='ltr'><strong><em>aliud</em></strong></span> <span class='ocrx_word' id='word_1_121' title='bbox 605 2854 664 2917; x_wconf 91' lang='lat' dir='ltr'><strong><em>tibi</em></strong></span> <span class='ocrx_word' id='word_1_122' title='bbox 676 2854 774 2936; x_wconf 77' lang='lat' dir='ltr'><strong><em>offero</em></strong></span> <span class='ocrx_word' id='word_1_123' title='bbox 788 2870 859 2918; x_wconf 87' lang='lat' dir='ltr'><strong><em>cum</em></strong></span> <span class='ocrx_word' id='word_1_124' title='bbox 874 2857 1045 2920; x_wconf 85' lang='lat' dir='ltr'><strong><em>Sidonium</em></strong></span> <span class='ocrx_word' id='word_1_125' title='bbox 1060 2856 1171 2938; x_wconf 78' lang='lat' dir='ltr'><strong><em>affero,</em></strong></span> <span class='ocrx_word' id='word_1_126' title='bbox 1189 2870 1282 2935; x_wconf 90' lang='lat' dir='ltr'><strong><em>quam</em></strong></span> <span class='ocrx_word' id='word_1_127' title='bbox 1295 2852 1428 2915; x_wconf 90' lang='lat' dir='ltr'><strong><em>alterum</em></strong></span> <span class='ocrx_word' id='word_1_128' title='bbox 1443 2857 1471 2911; x_wconf 92' lang='lat' dir='ltr'><strong><em>te</em></strong></span> <span class='ocrx_word' id='word_1_129' title='bbox 1486 2849 1555 2924; x_wconf 90' lang='lat' dir='ltr'><strong><em>tibi,</em></strong></span> <span class='ocrx_word' id='word_1_130' title='bbox 1574 2849 1639 2911; x_wconf 85' lang='lat' dir='ltr'><strong><em>lioe&#39;</em></strong></span> <span class='ocrx_word' id='word_1_131' title='bbox 1649 2856 1694 2912; x_wconf 89' lang='lat' dir='ltr'><strong><em>est</em></strong></span> <span class='ocrx_word' id='word_1_132' title='bbox 1706 2856 1859 2931; x_wconf 78' lang='lat' dir='ltr'><strong><em>prestan-</em></strong></span> 
     </span>
     <span class='ocr_line' id='line_1_20' title="bbox 230 2950 1860 3043; baseline -0.002 -27"><span class='ocrx_word' id='word_1_133' title='bbox 230 2954 513 3041; x_wconf 88' lang='lat' dir='ltr'><strong><em>tissimuchnere,</em></strong></span> <span class='ocrx_word' id='word_1_134' title='bbox 524 2955 680 3028; x_wconf 86' lang='lat' dir='ltr'><strong><em>doctrino,</em></strong></span> <span class='ocrx_word' id='word_1_135' title='bbox 693 2952 1006 3030; x_wconf 78' lang='lat' dir='ltr'><strong><em>uirtuteantistilem&#39;,</em></strong></span> <span class='ocrx_word' id='word_1_136' title='bbox 1017 2956 1127 3023; x_wconf 91' lang='lat' dir='ltr'><strong><em>iisdem</em></strong></span> <span class='ocrx_word' id='word_1_137' title='bbox 1138 2952 1284 3021; x_wconf 90' lang='lat' dir='ltr'><strong><em>laudibus</em></strong></span> <span class='ocrx_word' id='word_1_138' title='bbox 1298 2952 1546 3035; x_wconf 85' lang='lat' dir='ltr'><strong><em>arnammlirque</em></strong></span> <span class='ocrx_word' id='word_1_139' title='bbox 1556 2950 1688 3043; x_wconf 81' lang='lat' dir='ltr'><strong><em>prodito</em></strong></span> <span class='ocrx_word' id='word_1_140' title='bbox 1702 2950 1860 3014; x_wconf 79' lang='lat' dir='ltr'><strong><em>antistitii</em></strong></span> 
     </span>
     <span class='ocr_line' id='line_1_21' title="bbox 228 3040 1860 3138; baseline -0.004 -19"><span class='ocrx_word' id='word_1_141' title='bbox 228 3057 372 3135; x_wconf 73' lang='lat' dir='ltr'><strong><em>protecto</em></strong></span> <span class='ocrx_word' id='word_1_142' title='bbox 388 3057 565 3120; x_wconf 80' lang='lat' dir='ltr'><strong><em>Galliarum</em></strong></span> <span class='ocrx_word' id='word_1_143' title='bbox 585 3065 677 3138; x_wconf 89' lang='lat' dir='ltr'><strong><em>patre</em></strong></span> <span class='ocrx_word' id='word_1_144' title='bbox 690 3065 810 3130; x_wconf 80' lang='lat' dir='ltr'><strong><em>notun,</em></strong></span> <span class='ocrx_word' id='word_1_145' title='bbox 827 3056 1000 3120; x_wconf 73' lang='lat' dir='ltr'><strong><em>Gallicana</em></strong></span> <span class='ocrx_word' id='word_1_146' title='bbox 1021 3057 1143 3120; x_wconf 81' lang='lat' dir='ltr'><strong><em>militia</em></strong></span> <span class='ocrx_word' id='word_1_147' title='bbox 1166 3054 1312 3135; x_wconf 90' lang='lat' dir='ltr'><strong><em>maqistri</em></strong></span> <span class='ocrx_word' id='word_1_148' title='bbox 1337 3053 1426 3134; x_wconf 72' lang='lat' dir='ltr'><strong><em>plius</em></strong></span> <span class='ocrx_word' id='word_1_149' title='bbox 1446 3051 1627 3132; x_wconf 78' lang='lat' dir='ltr'><strong><em>praesectum</em></strong></span> <span class='ocrx_word' id='word_1_150' title='bbox 1646 3040 1720 3117; x_wconf 85' lang='lat' dir='ltr'><strong><em>urbi</em></strong></span> <span class='ocrx_word' id='word_1_151' title='bbox 1744 3052 1860 3130; x_wconf 82' lang='lat' dir='ltr'><strong><em>Romu,</em></strong></span> 
     </span>
     <span class='ocr_line' id='line_1_22' title="bbox 231 3150 1860 3241; baseline -0.005 -22"><span class='ocrx_word' id='word_1_152' title='bbox 231 3154 387 3225; x_wconf 76' lang='lat' dir='ltr'><strong><em>cardinali</em></strong></span> <span class='ocrx_word' id='word_1_153' title='bbox 402 3167 595 3223; x_wconf 89' lang='lat' dir='ltr'><strong><em>lantumnan</em></strong></span> <span class='ocrx_word' id='word_1_154' title='bbox 605 3158 707 3241; x_wconf 89' lang='lat' dir='ltr'><strong><em>primo</em></strong></span> <span class='ocrx_word' id='word_1_155' title='bbox 719 3157 754 3221; x_wconf 88' lang='lat' dir='ltr'><strong><em>ln</em></strong></span> <span class='ocrx_word' id='word_1_156' title='bbox 768 3156 918 3222; x_wconf 78' lang='lat' dir='ltr'><strong><em>Ecclesia</em></strong></span> <span class='ocrx_word' id='word_1_157' title='bbox 932 3158 1078 3220; x_wconf 82' lang='lat' dir='ltr'><strong><em>Romana</em></strong></span> <span class='ocrx_word' id='word_1_158' title='bbox 1088 3155 1190 3237; x_wconf 82' lang='lat' dir='ltr'><strong><em>produ</em></strong></span> <span class='ocrx_word' id='word_1_159' title='bbox 1204 3154 1397 3237; x_wconf 69' lang='lat' dir='ltr'><strong><em>canaliculo:</em></strong></span> <span class='ocrx_word' id='word_1_160' title='bbox 1409 3152 1586 3232; x_wconf 84' lang='lat' dir='ltr'><strong><em>episcopum</em></strong></span> <span class='ocrx_word' id='word_1_161' title='bbox 1599 3150 1730 3232; x_wconf 82' lang='lat' dir='ltr'><strong><em>denique</em></strong></span> <span class='ocrx_word' id='word_1_162' title='bbox 1743 3151 1860 3214; x_wconf 79' lang='lat' dir='ltr'><strong><em>Aruer-</em></strong></span> 
     </span>
     <span class='ocr_line' id='line_1_23' title="bbox 230 3248 1859 3341; baseline -0.006 -20"><span class='ocrx_word' id='word_1_163' title='bbox 230 3275 344 3321; x_wconf 89' lang='lat' dir='ltr'><strong><em>norum</em></strong></span> <span class='ocrx_word' id='word_1_164' title='bbox 352 3258 531 3323; x_wconf 78' lang='lat' dir='ltr'><strong><em>Arcsrnlcoe</em></strong></span> <span class='ocrx_word' id='word_1_165' title='bbox 544 3257 625 3322; x_wconf 89' lang='lat' dir='ltr'><strong><em>sedis</em></strong></span> <span class='ocrx_word' id='word_1_166' title='bbox 633 3258 768 3337; x_wconf 82' lang='lat' dir='ltr'><strong><em>epusdem</em></strong></span> <span class='ocrx_word' id='word_1_167' title='bbox 775 3258 942 3341; x_wconf 79' lang='lat' dir='ltr'><strong><em>episcopo?</em></strong></span> <span class='ocrx_word' id='word_1_168' title='bbox 953 3258 1091 3321; x_wconf 77' lang='lat' dir='ltr'><strong><em>Tametsi</em></strong></span> <span class='ocrx_word' id='word_1_169' title='bbox 1101 3257 1183 3321; x_wconf 89' lang='lat' dir='ltr'><strong><em>enim</em></strong></span> <span class='ocrx_word' id='word_1_170' title='bbox 1193 3262 1223 3319; x_wconf 85' lang='grc' dir='ltr'><strong><em>ιι</em></strong></span> <span class='ocrx_word' id='word_1_171' title='bbox 1231 3253 1380 3318; x_wconf 80' lang='lat' dir='ltr'><strong><em>Aruernis</em></strong></span> <span class='ocrx_word' id='word_1_172' title='bbox 1391 3250 1455 3314; x_wconf 87' lang='lat' dir='ltr'><strong><em>tuis</em></strong></span> <span class='ocrx_word' id='word_1_173' title='bbox 1465 3249 1649 3332; x_wconf 76' lang='lat' dir='ltr'><strong><em>iampridem</em></strong></span> <span class='ocrx_word' id='word_1_174' title='bbox 1660 3248 1859 3328; x_wconf 80' lang='lat' dir='ltr'><strong><em>subduceris,</em></strong></span> 
     </span>
     <span class='ocr_line' id='line_1_24' title="bbox 230 3351 1860 3440; baseline -0.002 -21"><span class='ocrx_word' id='word_1_175' title='bbox 230 3359 436 3440; x_wconf 88' lang='lat' dir='ltr'><strong><em>maluerisque</em></strong></span> <span class='ocrx_word' id='word_1_176' title='bbox 449 3357 619 3421; x_wconf 87' lang='lat' dir='ltr'><strong><em>desiderari</em></strong></span> <span class='ocrx_word' id='word_1_177' title='bbox 633 3356 671 3418; x_wconf 89' lang='lat' dir='ltr'><strong><em>ab</em></strong></span> <span class='ocrx_word' id='word_1_178' title='bbox 688 3358 729 3421; x_wconf 91' lang='lat' dir='ltr'><strong><em>iis</em></strong></span> <span class='ocrx_word' id='word_1_179' title='bbox 744 3359 941 3438; x_wconf 83' lang='lat' dir='ltr'><strong><em>praeentiam</em></strong></span> <span class='ocrx_word' id='word_1_180' title='bbox 958 3365 1042 3419; x_wconf 90' lang='lat' dir='ltr'><strong><em>tuam</em></strong></span> <span class='ocrx_word' id='word_1_181' title='bbox 1054 3372 1146 3437; x_wconf 92' lang='lat' dir='ltr'><strong><em>quam</em></strong></span> <span class='ocrx_word' id='word_1_182' title='bbox 1158 3360 1344 3435; x_wconf 72' lang='lat' dir='ltr'><strong><em>papatuum</em></strong></span> <span class='ocrx_word' id='word_1_183' title='bbox 1358 3351 1427 3414; x_wconf 90' lang='lat' dir='ltr'><strong><em>illis</em></strong></span> <span class='ocrx_word' id='word_1_184' title='bbox 1443 3352 1556 3414; x_wconf 90' lang='lat' dir='ltr'><strong><em>bonum</em></strong></span> <span class='ocrx_word' id='word_1_185' title='bbox 1569 3368 1631 3415; x_wconf 88' lang='lat' dir='ltr'><strong><em>esse</em></strong></span> <span class='ocrx_word' id='word_1_186' title='bbox 1644 3368 1705 3434; x_wconf 90' lang='lat' dir='ltr'><strong><em>qua</em></strong></span> <span class='ocrx_word' id='word_1_187' title='bbox 1719 3353 1860 3432; x_wconf 67' lang='lat' dir='ltr'><strong><em>frueban-</em></strong></span> 
     </span>
     <span class='ocr_line' id='line_1_25' title="bbox 231 3452 1860 3538; baseline -0.002 -19"><span class='ocrx_word' id='word_1_188' title='bbox 231 3462 298 3536; x_wconf 88' lang='lat' dir='ltr'><strong><em>tur,</em></strong></span> <span class='ocrx_word' id='word_1_189' title='bbox 313 3457 405 3523; x_wconf 82' lang='lat' dir='ltr'><strong><em>buret</em></strong></span> <span class='ocrx_word' id='word_1_190' title='bbox 425 3456 528 3525; x_wconf 70' lang='lat' dir='ltr'><strong><em>‘lamen</em></strong></span> <span class='ocrx_word' id='word_1_191' title='bbox 554 3457 695 3538; x_wconf 80' lang='lat' dir='ltr'><strong><em>uipetqus</em></strong></span> <span class='ocrx_word' id='word_1_192' title='bbox 711 3459 746 3521; x_wconf 94' lang='lat' dir='ltr'><strong><em>in</em></strong></span> <span class='ocrx_word' id='word_1_193' title='bbox 763 3459 902 3521; x_wconf 90' lang='lat' dir='ltr'><strong><em>amnium</em></strong></span> <span class='ocrx_word' id='word_1_194' title='bbox 918 3457 1030 3521; x_wconf 92' lang='lat' dir='ltr'><strong><em>animis</em></strong></span> <span class='ocrx_word' id='word_1_195' title='bbox 1049 3452 1230 3537; x_wconf 69' lang='lat' dir='ltr'><strong><em>arctissima</em></strong></span> <span class='ocrx_word' id='word_1_196' title='bbox 1253 3455 1458 3535; x_wconf 70' lang='lat' dir='ltr'><strong><em>pontificatus</em></strong></span> <span class='ocrx_word' id='word_1_197' title='bbox 1481 3454 1530 3516; x_wconf 91' lang='lat' dir='ltr'><strong><em>tui</em></strong></span> <span class='ocrx_word' id='word_1_198' title='bbox 1552 3453 1742 3518; x_wconf 77' lang='lat' dir='ltr'><strong><em>recordatio.</em></strong></span> <span class='ocrx_word' id='word_1_199' title='bbox 1757 3454 1860 3536; x_wconf 80' lang='lat' dir='ltr'><strong><em>Neque</em></strong></span> 
     </span>
     <span class='ocr_line' id='line_1_26' title="bbox 229 3552 1859 3639; baseline -0.002 -22"><span class='ocrx_word' id='word_1_200' title='bbox 229 3556 296 3618; x_wconf 89' lang='lat' dir='ltr'><strong><em>ullu</em></strong></span> <span class='ocrx_word' id='word_1_201' title='bbox 307 3572 444 3639; x_wconf 88' lang='lat' dir='ltr'><strong><em>unquam</em></strong></span> <span class='ocrx_word' id='word_1_202' title='bbox 461 3556 521 3620; x_wconf 87' lang='lat' dir='ltr'><strong><em>erit</em></strong></span> <span class='ocrx_word' id='word_1_203' title='bbox 533 3563 608 3620; x_wconf 83' lang='lat' dir='ltr'><strong><em>oetas</em></strong></span> <span class='ocrx_word' id='word_1_204' title='bbox 623 3570 692 3638; x_wconf 80' lang='lat' dir='ltr'><strong><em>qum</em></strong></span> <span class='ocrx_word' id='word_1_205' title='bbox 704 3557 806 3619; x_wconf 86' lang='lat' dir='ltr'><strong><em>lustru</em></strong></span> <span class='ocrx_word' id='word_1_206' title='bbox 818 3557 876 3620; x_wconf 90' lang='lat' dir='ltr'><strong><em>illa</em></strong></span> <span class='ocrx_word' id='word_1_207' title='bbox 889 3557 1025 3638; x_wconf 87' lang='lat' dir='ltr'><strong><em>quinque</em></strong></span> <span class='ocrx_word' id='word_1_208' title='bbox 1038 3573 1104 3617; x_wconf 89' lang='lat' dir='ltr'><strong><em>non</em></strong></span> <span class='ocrx_word' id='word_1_209' title='bbox 1118 3555 1259 3632; x_wconf 88' lang='lat' dir='ltr'><strong><em>celebret,</em></strong></span> <span class='ocrx_word' id='word_1_210' title='bbox 1272 3553 1385 3635; x_wconf 91' lang='lat' dir='ltr'><strong><em>quibus</em></strong></span> <span class='ocrx_word' id='word_1_211' title='bbox 1396 3554 1438 3616; x_wconf 90' lang='lat' dir='ltr'><strong><em>nd</em></strong></span> <span class='ocrx_word' id='word_1_212' title='bbox 1450 3554 1597 3617; x_wconf 81' lang='lat' dir='ltr'><strong><em>Ecclesia</em></strong></span> <span class='ocrx_word' id='word_1_213' title='bbox 1609 3552 1859 3616; x_wconf 83' lang='lat' dir='ltr'><strong><em>Cloromontonse</em></strong></span> 
     </span>
     <span class='ocr_line' id='line_1_27' title="bbox 230 3650 1859 3743; baseline -0.004 -22"><span class='ocrx_word' id='word_1_214' title='bbox 230 3659 352 3725; x_wconf 87' lang='lat' dir='ltr'><strong><em>clauum</em></strong></span> <span class='ocrx_word' id='word_1_215' title='bbox 367 3656 486 3735; x_wconf 88' lang='lat' dir='ltr'><strong><em>sedens,</em></strong></span> <span class='ocrx_word' id='word_1_216' title='bbox 504 3676 605 3721; x_wconf 90' lang='lat' dir='ltr'><strong><em>omnes</em></strong></span> <span class='ocrx_word' id='word_1_217' title='bbox 629 3657 680 3722; x_wconf 90' lang='lat' dir='ltr'><strong><em>illi</em></strong></span> <span class='ocrx_word' id='word_1_218' title='bbox 697 3654 937 3739; x_wconf 73' lang='lat' dir='ltr'><strong><em>prudentissimi</em></strong></span> <span class='ocrx_word' id='word_1_219' title='bbox 953 3652 1249 3738; x_wconf 82' lang='lat' dir='ltr'><strong><em>otqtlanltsstntque</em></strong></span> <span class='ocrx_word' id='word_1_220' title='bbox 1260 3655 1557 3743; x_wconf 83' lang='lat' dir='ltr'><strong><em>pastorirnumeros</em></strong></span> <span class='ocrx_word' id='word_1_221' title='bbox 1579 3650 1748 3717; x_wconf 75' lang='lat' dir='ltr'><strong><em>reddidisti</em></strong></span> <span class='ocrx_word' id='word_1_222' title='bbox 1767 3672 1859 3717; x_wconf 86' lang='lat' dir='ltr'><strong><em>:cum</em></strong></span> 
     </span>
    </p>
   </div>
   <div class='ocr_carea' id='block_1_13' title="bbox 112 3754 1860 3838">
    <p class='ocr_par' dir='ltr' id='par_1_14' title="bbox 112 3754 1860 3838">
     <span class='ocr_line' id='line_1_28' title="bbox 112 3754 1860 3838; baseline -0.003 -18"><span class='ocrx_word' id='word_1_223' title='bbox 112 3754 115 3760; x_wconf 64' lang='grc'>“</span> <span class='ocrx_word' id='word_1_224' title='bbox 231 3757 380 3821; x_wconf 88' lang='lat' dir='ltr'><strong><em>creditam</em></strong></span> <span class='ocrx_word' id='word_1_225' title='bbox 403 3758 462 3822; x_wconf 89' lang='lat' dir='ltr'><strong><em>tibi</em></strong></span> <span class='ocrx_word' id='word_1_226' title='bbox 471 3758 590 3838; x_wconf 89' lang='lat' dir='ltr'><strong><em>plebem</em></strong></span> <span class='ocrx_word' id='word_1_227' title='bbox 608 3756 781 3821; x_wconf 82' lang='lat' dir='ltr'><strong><em>coelestibus</em></strong></span> <span class='ocrx_word' id='word_1_228' title='bbox 796 3757 986 3837; x_wconf 77' lang='lat' dir='ltr'><strong><em>disciplinis,</em></strong></span> <span class='ocrx_word' id='word_1_229' title='bbox 1003 3775 1059 3820; x_wconf 90' lang='lat' dir='ltr'><strong><em>neo</em></strong></span> <span class='ocrx_word' id='word_1_230' title='bbox 1076 3755 1178 3818; x_wconf 88' lang='lat' dir='ltr'><strong><em>uerbis</em></strong></span> <span class='ocrx_word' id='word_1_231' title='bbox 1196 3762 1318 3816; x_wconf 90' lang='lat' dir='ltr'><strong><em>tontum</em></strong></span> <span class='ocrx_word' id='word_1_232' title='bbox 1331 3773 1368 3817; x_wconf 89' lang='lat' dir='ltr'><strong><em>aa</em></strong></span> <span class='ocrx_word' id='word_1_233' title='bbox 1381 3771 1532 3832; x_wconf 88' lang='lat' dir='ltr'><strong><em>semnone,</em></strong></span> <span class='ocrx_word' id='word_1_234' title='bbox 1550 3754 1603 3818; x_wconf 85' lang='lat' dir='ltr'><strong><em>scd</em></strong></span> <span class='ocrx_word' id='word_1_235' title='bbox 1621 3754 1751 3833; x_wconf 84' lang='lat' dir='ltr'><strong><em>scriptis</em></strong></span> <span class='ocrx_word' id='word_1_236' title='bbox 1768 3756 1860 3818; x_wconf 92' lang='lat' dir='ltr'><strong><em>etiam</em></strong></span> 
     </span>
    </p>
   </div>
   <div class='ocr_carea' id='block_1_14' title="bbox 207 3856 1863 5353">
    <p class='ocr_par' dir='ltr' id='par_1_15' title="bbox 207 3856 1863 5353">
     <span class='ocr_line' id='line_1_29' title="bbox 231 3856 1860 3947; baseline -0.002 -26"><span class='ocrx_word' id='word_1_237' title='bbox 231 3856 455 3940; x_wconf 85' lang='lat' dir='ltr'><strong><em>uoluminibus,</em></strong></span> <span class='ocrx_word' id='word_1_238' title='bbox 477 3874 556 3924; x_wconf 77' lang='lat' dir='ltr'><strong><em>unu</em></strong></span> <span class='ocrx_word' id='word_1_239' title='bbox 570 3859 699 3943; x_wconf 88' lang='lat' dir='ltr'><strong><em>pictatis</em></strong></span> <span class='ocrx_word' id='word_1_240' title='bbox 715 3858 861 3939; x_wconf 85' lang='lat' dir='ltr'><strong><em>moqlsler</em></strong></span> <span class='ocrx_word' id='word_1_241' title='bbox 875 3857 1117 3947; x_wconf 49' lang='lat' dir='ltr'><strong><em>erudimentum</em></strong></span> <span class='ocrx_word' id='word_1_242' title='bbox 1131 3858 1226 3921; x_wconf 86' lang='lat' dir='ltr'><strong><em>ailam</em></strong></span> <span class='ocrx_word' id='word_1_243' title='bbox 1242 3856 1319 3939; x_wconf 85' lang='lat' dir='ltr'><strong><em>lpse,</em></strong></span> <span class='ocrx_word' id='word_1_244' title='bbox 1334 3872 1515 3937; x_wconf 90' lang='lat' dir='ltr'><strong><em>morumque</em></strong></span> <span class='ocrx_word' id='word_1_245' title='bbox 1535 3856 1668 3937; x_wconf 77' lang='lat' dir='ltr'><strong><em>formam</em></strong></span> <span class='ocrx_word' id='word_1_246' title='bbox 1683 3872 1801 3917; x_wconf 88' lang='lat' dir='ltr'><strong><em>omnem</em></strong></span> <span class='ocrx_word' id='word_1_247' title='bbox 1814 3859 1860 3920; x_wconf 90' lang='lat' dir='ltr'><strong><em>sic</em></strong></span> 
     </span>
     <span class='ocr_line' id='line_1_30' title="bbox 229 3951 1860 4042; baseline -0.002 -18"><span class='ocrx_word' id='word_1_248' title='bbox 229 3962 411 4040; x_wconf 73' lang='lat' dir='ltr'><strong><em>instrueres,</em></strong></span> <span class='ocrx_word' id='word_1_249' title='bbox 426 3970 464 4024; x_wconf 92' lang='lat' dir='ltr'><strong><em>ut</em></strong></span> <span class='ocrx_word' id='word_1_250' title='bbox 474 3961 586 4042; x_wconf 90' lang='lat' dir='ltr'><strong><em>quibus</em></strong></span> <span class='ocrx_word' id='word_1_251' title='bbox 597 3960 802 4034; x_wconf 81' lang='lat' dir='ltr'><strong><em>successissss,</em></strong></span> <span class='ocrx_word' id='word_1_252' title='bbox 813 3976 986 4041; x_wconf 91' lang='lat' dir='ltr'><strong><em>quorumae</em></strong></span> <span class='ocrx_word' id='word_1_253' title='bbox 998 3960 1033 4021; x_wconf 88' lang='lat' dir='ltr'><strong><em>iu</em></strong></span> <span class='ocrx_word' id='word_1_254' title='bbox 1045 3951 1191 4021; x_wconf 81' lang='lat' dir='ltr'><strong><em>cutbedra</em></strong></span> <span class='ocrx_word' id='word_1_255' title='bbox 1200 3957 1335 4035; x_wconf 87' lang='lat' dir='ltr'><strong><em>sederes,</em></strong></span> <span class='ocrx_word' id='word_1_256' title='bbox 1347 3964 1497 4038; x_wconf 87' lang='lat' dir='ltr'><strong><em>perpetua</em></strong></span> <span class='ocrx_word' id='word_1_257' title='bbox 1512 3957 1670 4034; x_wconf 82' lang='lat' dir='ltr'><strong><em>meditari,</em></strong></span> <span class='ocrx_word' id='word_1_258' title='bbox 1684 3954 1860 4021; x_wconf 81' lang='lat' dir='ltr'><strong><em>laudanda·</em></strong></span> 
     </span>
     <span class='ocr_line' id='line_1_31' title="bbox 228 4058 1859 4145; baseline -0.002 -20"><span class='ocrx_word' id='word_1_259' title='bbox 228 4080 288 4145; x_wconf 90' lang='lat' dir='ltr'><strong><em>que</em></strong></span> <span class='ocrx_word' id='word_1_260' title='bbox 300 4064 488 4129; x_wconf 84' lang='lat' dir='ltr'><strong><em>imitationis</em></strong></span> <span class='ocrx_word' id='word_1_261' title='bbox 505 4062 624 4140; x_wconf 90' lang='lat' dir='ltr'><strong><em>studio,</em></strong></span> <span class='ocrx_word' id='word_1_262' title='bbox 640 4078 725 4125; x_wconf 89' lang='lat' dir='ltr'><strong><em>nnnc</em></strong></span> <span class='ocrx_word' id='word_1_263' title='bbox 746 4061 1150 4144; x_wconf 76' lang='lat' dir='ltr'><strong><em>dustremanii,1llidiique</em></strong></span> <span class='ocrx_word' id='word_1_264' title='bbox 1165 4061 1376 4131; x_wconf 86' lang='lat' dir='ltr'><strong><em>sanctitatem,</em></strong></span> <span class='ocrx_word' id='word_1_265' title='bbox 1398 4058 1575 4121; x_wconf 83' lang='lat' dir='ltr'><strong><em>Venerandi</em></strong></span> <span class='ocrx_word' id='word_1_266' title='bbox 1592 4064 1691 4140; x_wconf 56' lang='lat' dir='ltr'><strong><em>utque*</em></strong></span> <span class='ocrx_word' id='word_1_267' title='bbox 1705 4058 1859 4140; x_wconf 77' lang='lat' dir='ltr'><strong><em>Epcrolsii</em></strong></span> 
     </span>
     <span class='ocr_line' id='line_1_32' title="bbox 228 4152 1860 4253; baseline 0.001 -28"><span class='ocrx_word' id='word_1_268' title='bbox 228 4164 424 4245; x_wconf 86' lang='lat' dir='ltr'><strong><em>reliqionem,</em></strong></span> <span class='ocrx_word' id='word_1_269' title='bbox 436 4166 606 4242; x_wconf 85' lang='lat' dir='ltr'><strong><em>Quintiani</em></strong></span> <span class='ocrx_word' id='word_1_270' title='bbox 621 4164 843 4241; x_wconf 87' lang='lat' dir='ltr'><strong><em>constantiam,</em></strong></span> <span class='ocrx_word' id='word_1_271' title='bbox 856 4165 940 4230; x_wconf 81' lang='lat' dir='ltr'><strong><em>Galli</em></strong></span> <span class='ocrx_word' id='word_1_272' title='bbox 954 4152 1148 4243; x_wconf 87' lang='lat' dir='ltr'><strong><em>modestiam,</em></strong></span> <span class='ocrx_word' id='word_1_273' title='bbox 1157 4164 1435 4253; x_wconf 83' lang='lat' dir='ltr'><strong><em>beniqnilatemque</em></strong></span> <span class='ocrx_word' id='word_1_274' title='bbox 1448 4164 1589 4228; x_wconf 77' lang='lat' dir='ltr'><strong><em>emulari</em></strong></span> <span class='ocrx_word' id='word_1_275' title='bbox 1599 4160 1740 4228; x_wconf 80' lang='lat' dir='ltr'><strong><em>viderere</em></strong></span> <span class='ocrx_word' id='word_1_276' title='bbox 1751 4187 1761 4228; x_wconf 92' lang='lat'><strong><em>.·</em></strong></span> <span class='ocrx_word' id='word_1_277' title='bbox 1774 4184 1860 4229; x_wconf 89' lang='lat' dir='ltr'><strong><em>nunc</em></strong></span> 
     </span>
     <span class='ocr_line' id='line_1_33' title="bbox 230 4261 1859 4342; baseline 0 -17"><span class='ocrx_word' id='word_1_278' title='bbox 230 4264 320 4336; x_wconf 88' lang='lat' dir='ltr'><strong><em>eniti,</em></strong></span> <span class='ocrx_word' id='word_1_279' title='bbox 334 4270 369 4326; x_wconf 93' lang='lat' dir='ltr'><strong><em>ut</em></strong></span> <span class='ocrx_word' id='word_1_280' title='bbox 383 4264 587 4325; x_wconf 88' lang='lat' dir='ltr'><strong><em>bumanorum</em></strong></span> <span class='ocrx_word' id='word_1_281' title='bbox 600 4278 703 4325; x_wconf 91' lang='lat' dir='ltr'><strong><em>rerum</em></strong></span> <span class='ocrx_word' id='word_1_282' title='bbox 717 4262 921 4342; x_wconf 83' lang='lat' dir='ltr'><strong><em>despicientia</em></strong></span> <span class='ocrx_word' id='word_1_283' title='bbox 935 4262 1085 4341; x_wconf 82' lang='lat' dir='ltr'><strong><em>Bonitas,</em></strong></span> <span class='ocrx_word' id='word_1_284' title='bbox 1099 4278 1262 4324; x_wconf 88' lang='lat' dir='ltr'><strong><em>sacrorum</em></strong></span> <span class='ocrx_word' id='word_1_285' title='bbox 1276 4263 1417 4326; x_wconf 90' lang='lat' dir='ltr'><strong><em>locorum</em></strong></span> <span class='ocrx_word' id='word_1_286' title='bbox 1438 4262 1525 4325; x_wconf 90' lang='lat' dir='ltr'><strong><em>cultu</em></strong></span> <span class='ocrx_word' id='word_1_287' title='bbox 1540 4261 1696 4339; x_wconf 76' lang='lat' dir='ltr'><strong><em>Genesion,</em></strong></span> <span class='ocrx_word' id='word_1_288' title='bbox 1709 4279 1859 4326; x_wconf 84' lang='lat' dir='ltr'><strong><em>reuocan-</em></strong></span> 
     </span>
     <span class='ocr_line' id='line_1_34' title="bbox 229 4356 1859 4443; baseline -0.004 -14"><span class='ocrx_word' id='word_1_289' title='bbox 229 4361 341 4429; x_wconf 79' lang='lat' dir='ltr'><strong><em>dicad</em></strong></span> <span class='ocrx_word' id='word_1_290' title='bbox 362 4368 478 4427; x_wconf 88' lang='lat' dir='ltr'><strong><em>rectam</em></strong></span> <span class='ocrx_word' id='word_1_291' title='bbox 498 4361 589 4443; x_wconf 72' lang='lat' dir='ltr'><strong><em>tidem</em></strong></span> <span class='ocrx_word' id='word_1_292' title='bbox 613 4361 712 4425; x_wconf 87' lang='lat' dir='ltr'><strong><em>deuiis</em></strong></span> <span class='ocrx_word' id='word_1_293' title='bbox 726 4360 858 4438; x_wconf 78' lang='lat' dir='ltr'><strong><em>Asilas,</em></strong></span> <span class='ocrx_word' id='word_1_294' title='bbox 882 4358 1079 4423; x_wconf 82' lang='lat' dir='ltr'><strong><em>sublevandis</em></strong></span> <span class='ocrx_word' id='word_1_295' title='bbox 1097 4361 1229 4440; x_wconf 83' lang='lat' dir='ltr'><strong><em>inopum</em></strong></span> <span class='ocrx_word' id='word_1_296' title='bbox 1245 4360 1472 4424; x_wconf 86' lang='lat' dir='ltr'><strong><em>calamitatibus</em></strong></span> <span class='ocrx_word' id='word_1_297' title='bbox 1488 4356 1654 4437; x_wconf 82' lang='lat' dir='ltr'><strong><em>Sidonios,</em></strong></span> <span class='ocrx_word' id='word_1_298' title='bbox 1681 4358 1859 4425; x_wconf 88' lang='lat' dir='ltr'><strong><em>uniuersum</em></strong></span> 
     </span>
     <span class='ocr_line' id='line_1_35' title="bbox 230 4459 1860 4541; baseline 0.001 -18"><span class='ocrx_word' id='word_1_299' title='bbox 230 4461 359 4540; x_wconf 90' lang='lat' dir='ltr'><strong><em>denique</em></strong></span> <span class='ocrx_word' id='word_1_300' title='bbox 371 4462 607 4524; x_wconf 88' lang='lat' dir='ltr'><strong><em>lectissimorum</em></strong></span> <span class='ocrx_word' id='word_1_301' title='bbox 622 4459 780 4541; x_wconf 88' lang='lat' dir='ltr'><strong><em>quondam</em></strong></span> <span class='ocrx_word' id='word_1_302' title='bbox 794 4459 963 4538; x_wconf 75' lang='lat' dir='ltr'><strong><em>masuam</em></strong></span> <span class='ocrx_word' id='word_1_303' title='bbox 976 4468 1128 4541; x_wconf 89' lang='lat' dir='ltr'><strong><em>senatum,</em></strong></span> <span class='ocrx_word' id='word_1_304' title='bbox 1143 4461 1304 4523; x_wconf 73' lang='lat' dir='ltr'><strong><em>decernite</em></strong></span> <span class='ocrx_word' id='word_1_305' title='bbox 1314 4479 1376 4523; x_wconf 88' lang='lat' dir='ltr'><strong><em>suae</em></strong></span> <span class='ocrx_word' id='word_1_306' title='bbox 1388 4463 1544 4525; x_wconf 84' lang='lat' dir='ltr'><strong><em>uirtutum</em></strong></span> <span class='ocrx_word' id='word_1_307' title='bbox 1556 4471 1679 4525; x_wconf 90' lang='lat' dir='ltr'><strong><em>tuarum</em></strong></span> <span class='ocrx_word' id='word_1_308' title='bbox 1689 4461 1860 4526; x_wconf 89' lang='lat' dir='ltr'><strong><em>luminibus</em></strong></span> 
     </span>
     <span class='ocr_line' id='line_1_36' title="bbox 207 4558 1859 4643; baseline 0.003 -21"><span class='ocrx_word' id='word_1_309' title='bbox 207 4558 210 4563; x_wconf 88' lang='grc'><strong>’</strong></span> <span class='ocrx_word' id='word_1_310' title='bbox 230 4558 437 4643; x_wconf 73' lang='lat' dir='ltr'><strong><em>ecemplisque</em></strong></span> <span class='ocrx_word' id='word_1_311' title='bbox 458 4579 633 4623; x_wconf 79' lang='lat' dir='ltr'><strong><em>renouaret.</em></strong></span> <span class='ocrx_word' id='word_1_312' title='bbox 651 4560 834 4640; x_wconf 79' lang='lat' dir='ltr'><strong><em>Quanquam</em></strong></span> <span class='ocrx_word' id='word_1_313' title='bbox 855 4560 917 4623; x_wconf 83' lang='lat' dir='ltr'><strong><em>noo</em></strong></span> <span class='ocrx_word' id='word_1_314' title='bbox 935 4578 955 4621; x_wconf 90' lang='lat' dir='ltr'><strong><em>u</em></strong></span> <span class='ocrx_word' id='word_1_315' title='bbox 974 4574 1020 4622; x_wconf 90' lang='lat' dir='ltr'><strong><em>ms</em></strong></span> <span class='ocrx_word' id='word_1_316' title='bbox 1041 4576 1202 4641; x_wconf 89' lang='lat' dir='ltr'><strong><em>quorsum,</em></strong></span> <span class='ocrx_word' id='word_1_317' title='bbox 1226 4561 1283 4642; x_wconf 89' lang='lat' dir='ltr'><strong><em>qui</em></strong></span> <span class='ocrx_word' id='word_1_318' title='bbox 1297 4576 1351 4625; x_wconf 85' lang='lat' dir='ltr'><strong><em>nec</em></strong></span> <span class='ocrx_word' id='word_1_319' title='bbox 1367 4560 1471 4626; x_wconf 85' lang='lat' dir='ltr'><strong><em>laudes</em></strong></span> <span class='ocrx_word' id='word_1_320' title='bbox 1490 4569 1559 4626; x_wconf 90' lang='lat' dir='ltr'><strong><em>luas</em></strong></span> <span class='ocrx_word' id='word_1_321' title='bbox 1572 4561 1704 4626; x_wconf 89' lang='lat' dir='ltr'><strong><em>scribere</em></strong></span> <span class='ocrx_word' id='word_1_322' title='bbox 1718 4564 1859 4639; x_wconf 91' lang='lat' dir='ltr'><strong><em>institui,</em></strong></span> 
     </span>
     <span class='ocr_line' id='line_1_37' title="bbox 230 4659 1861 4741; baseline 0.001 -19"><span class='ocrx_word' id='word_1_323' title='bbox 230 4679 324 4724; x_wconf 86' lang='lat' dir='ltr'><strong><em>neem</em></strong></span> <span class='ocrx_word' id='word_1_324' title='bbox 319 4660 442 4735; x_wconf 86' lang='lat' dir='ltr'><strong><em>aelim,</em></strong></span> <span class='ocrx_word' id='word_1_325' title='bbox 454 4678 531 4741; x_wconf 91' lang='lat' dir='ltr'><strong><em>opus</em></strong></span> <span class='ocrx_word' id='word_1_326' title='bbox 547 4659 673 4723; x_wconf 85' lang='lat' dir='ltr'><strong><em>babeam</em></strong></span> <span class='ocrx_word' id='word_1_327' title='bbox 689 4660 851 4740; x_wconf 85' lang='lat' dir='ltr'><strong><em>proelsrita</em></strong></span> <span class='ocrx_word' id='word_1_328' title='bbox 865 4665 1017 4735; x_wconf 79' lang='lat' dir='ltr'><strong><em>relucere,</em></strong></span> <span class='ocrx_word' id='word_1_329' title='bbox 1035 4676 1106 4723; x_wconf 91' lang='lat' dir='ltr'><strong><em>oum</em></strong></span> <span class='ocrx_word' id='word_1_330' title='bbox 1117 4661 1310 4741; x_wconf 82' lang='lat' dir='ltr'><strong><em>inpromptu</em></strong></span> <span class='ocrx_word' id='word_1_331' title='bbox 1320 4661 1396 4734; x_wconf 84' lang='lat' dir='ltr'><strong><em>sint,</em></strong></span> <span class='ocrx_word' id='word_1_332' title='bbox 1409 4679 1446 4725; x_wconf 89' lang='lat' dir='ltr'><strong><em>oc</em></strong></span> <span class='ocrx_word' id='word_1_333' title='bbox 1461 4659 1861 4735; x_wconf 86' lang='lat' dir='ltr'><strong><em>laudemomnemuincant</em></strong></span> 
     </span>
     <span class='ocr_line' id='line_1_38' title="bbox 209 4756 1860 4847; baseline -0.002 -25"><span class='ocrx_word' id='word_1_334' title='bbox 209 4760 212 4769; x_wconf 83' lang='grc'><strong>’</strong></span> <span class='ocrx_word' id='word_1_335' title='bbox 230 4780 299 4843; x_wconf 83' lang='lat' dir='ltr'><strong><em>qua</em></strong></span> <span class='ocrx_word' id='word_1_336' title='bbox 312 4761 347 4823; x_wconf 90' lang='lat' dir='ltr'><strong><em>ln</em></strong></span> <span class='ocrx_word' id='word_1_337' title='bbox 362 4764 390 4822; x_wconf 90' lang='lat' dir='ltr'><strong><em>le</em></strong></span> <span class='ocrx_word' id='word_1_338' title='bbox 411 4768 466 4847; x_wconf 80' lang='lat' dir='ltr'><strong><em>qut</em></strong></span> <span class='ocrx_word' id='word_1_339' title='bbox 479 4762 578 4823; x_wconf 83' lang='lat' dir='ltr'><strong><em>Roma</em></strong></span> <span class='ocrx_word' id='word_1_340' title='bbox 591 4775 691 4841; x_wconf 89' lang='lat' dir='ltr'><strong><em>nuper</em></strong></span> <span class='ocrx_word' id='word_1_341' title='bbox 705 4766 851 4820; x_wconf 79' lang='lat' dir='ltr'><strong><em>veneratu</em></strong></span> <span class='ocrx_word' id='word_1_342' title='bbox 863 4763 919 4831; x_wconf 88' lang='lat' dir='ltr'><strong><em>est,</em></strong></span> <span class='ocrx_word' id='word_1_343' title='bbox 934 4766 991 4819; x_wconf 90' lang='lat' dir='ltr'><strong><em>cul</em></strong></span> <span class='ocrx_word' id='word_1_344' title='bbox 1005 4775 1091 4820; x_wconf 90' lang='lat' dir='ltr'><strong><em>nunc</em></strong></span> <span class='ocrx_word' id='word_1_345' title='bbox 1103 4757 1177 4821; x_wconf 91' lang='lat' dir='ltr'><strong><em>aula</em></strong></span> <span class='ocrx_word' id='word_1_346' title='bbox 1202 4758 1349 4837; x_wconf 89' lang='lat' dir='ltr'><strong><em>suspicit,</em></strong></span> <span class='ocrx_word' id='word_1_347' title='bbox 1372 4760 1426 4818; x_wconf 90' lang='lat' dir='ltr'><strong><em>aut</em></strong></span> <span class='ocrx_word' id='word_1_348' title='bbox 1443 4756 1525 4836; x_wconf 75' lang='lat' dir='ltr'><strong><em>forte</em></strong></span> <span class='ocrx_word' id='word_1_349' title='bbox 1538 4774 1595 4818; x_wconf 90' lang='lat' dir='ltr'><strong><em>suu</em></strong></span> <span class='ocrx_word' id='word_1_350' title='bbox 1611 4756 1676 4820; x_wconf 84' lang='lat' dir='ltr'><strong><em>lcli</em></strong></span> <span class='ocrx_word' id='word_1_351' title='bbox 1686 4757 1860 4838; x_wconf 71' lang='lat' dir='ltr'><strong><em>medicant</em></strong></span> 
     </span>
     <span class='ocr_line' id='line_1_39' title="bbox 230 4840 1863 4936; baseline -0.004 -10"><span class='ocrx_word' id='word_1_352' title='bbox 230 4863 474 4929; x_wconf 77' lang='lat' dir='ltr'><strong><em>Silvaneclsnsss</em></strong></span> <span class='ocrx_word' id='word_1_353' title='bbox 499 4862 570 4926; x_wconf 83' lang='lat' dir='ltr'><strong><em>tui?</em></strong></span> <span class='ocrx_word' id='word_1_354' title='bbox 584 4863 729 4927; x_wconf 78' lang='lat' dir='ltr'><strong><em>Attomm</em></strong></span> <span class='ocrx_word' id='word_1_355' title='bbox 751 4860 825 4924; x_wconf 85' lang='lat' dir='ltr'><strong><em>binc</em></strong></span> <span class='ocrx_word' id='word_1_356' title='bbox 848 4859 951 4935; x_wconf 85' lang='lat' dir='ltr'><strong><em>uides,</em></strong></span> <span class='ocrx_word' id='word_1_357' title='bbox 976 4840 1188 4924; x_wconf 86' lang='lat' dir='ltr'><strong><em>illustrissime</em></strong></span> <span class='ocrx_word' id='word_1_358' title='bbox 1208 4856 1392 4933; x_wconf 87' lang='lat' dir='ltr'><strong><em>cardinalis,</em></strong></span> <span class='ocrx_word' id='word_1_359' title='bbox 1417 4873 1478 4936; x_wconf 90' lang='lat' dir='ltr'><strong><em>quo</em></strong></span> <span class='ocrx_word' id='word_1_360' title='bbox 1504 4854 1620 4935; x_wconf 78' lang='lat' dir='ltr'><strong><em>qtduoio</em></strong></span> <span class='ocrx_word' id='word_1_361' title='bbox 1644 4856 1863 4921; x_wconf 81' lang='lat' dir='ltr'><strong><em>benevolentia</em></strong></span> 
     </span>
     <span class='ocr_line' id='line_1_40' title="bbox 232 4950 1861 5047; baseline -0.004 -23"><span class='ocrx_word' id='word_1_362' title='bbox 232 4962 530 5047; x_wconf 87' lang='lat' dir='ltr'><strong><em>approbationisque</em></strong></span> <span class='ocrx_word' id='word_1_363' title='bbox 551 4968 611 5025; x_wconf 85' lang='lat' dir='ltr'><strong><em>luc</em></strong></span> <span class='ocrx_word' id='word_1_364' title='bbox 621 4960 823 5025; x_wconf 76' lang='lat' dir='ltr'><strong><em>vernaculum</em></strong></span> <span class='ocrx_word' id='word_1_365' title='bbox 838 4957 897 5021; x_wconf 89' lang='lat' dir='ltr'><strong><em>tibi</em></strong></span> <span class='ocrx_word' id='word_1_366' title='bbox 909 4975 946 5020; x_wconf 90' lang='lat' dir='ltr'><strong><em>ac</em></strong></span> <span class='ocrx_word' id='word_1_367' title='bbox 966 4974 1042 5036; x_wconf 87' lang='lat' dir='ltr'><strong><em>pme</em></strong></span> <span class='ocrx_word' id='word_1_368' title='bbox 1053 4956 1255 5019; x_wconf 85' lang='lat' dir='ltr'><strong><em>domesticum</em></strong></span> <span class='ocrx_word' id='word_1_369' title='bbox 1269 4972 1381 5018; x_wconf 89' lang='lat' dir='ltr'><strong><em>munus</em></strong></span> <span class='ocrx_word' id='word_1_370' title='bbox 1392 4950 1574 5024; x_wconf 70' lang='lat' dir='ltr'><strong><em>eonibeauc</em></strong></span> <span class='ocrx_word' id='word_1_371' title='bbox 1590 4960 1626 5015; x_wconf 87' lang='lat' dir='ltr'><strong><em>ut</em></strong></span> <span class='ocrx_word' id='word_1_372' title='bbox 1640 4972 1710 5017; x_wconf 88' lang='lat' dir='ltr'><strong><em>eum</em></strong></span> <span class='ocrx_word' id='word_1_373' title='bbox 1725 4958 1861 5018; x_wconf 71' lang='lat' dir='ltr'><strong><em>nominis·</em></strong></span> 
     </span>
     <span class='ocr_line' id='line_1_41' title="bbox 232 5052 1860 5141; baseline -0.009 -13"><span class='ocrx_word' id='word_1_374' title='bbox 232 5068 280 5129; x_wconf 88' lang='lat' dir='ltr'><strong><em>lui</em></strong></span> <span class='ocrx_word' id='word_1_375' title='bbox 294 5064 508 5129; x_wconf 87' lang='lat' dir='ltr'><strong><em>studiosorum</em></strong></span> <span class='ocrx_word' id='word_1_376' title='bbox 522 5071 652 5127; x_wconf 87' lang='lat' dir='ltr'><strong><em>conatus</em></strong></span> <span class='ocrx_word' id='word_1_377' title='bbox 674 5079 777 5125; x_wconf 89' lang='lat' dir='ltr'><strong><em>omnes</em></strong></span> <span class='ocrx_word' id='word_1_378' title='bbox 800 5056 928 5141; x_wconf 88' lang='lat' dir='ltr'><strong><em>benique</em></strong></span> <span class='ocrx_word' id='word_1_379' title='bbox 942 5056 1104 5137; x_wconf 87' lang='lat' dir='ltr'><strong><em>complecti</em></strong></span> <span class='ocrx_word' id='word_1_380' title='bbox 1125 5058 1241 5131; x_wconf 89' lang='lat' dir='ltr'><strong><em>solcas,</em></strong></span> <span class='ocrx_word' id='word_1_381' title='bbox 1258 5055 1446 5137; x_wconf 80' lang='lat' dir='ltr'><strong><em>praeeipuam</em></strong></span> <span class='ocrx_word' id='word_1_382' title='bbox 1469 5059 1571 5114; x_wconf 90' lang='lat' dir='ltr'><strong><em>tamen</em></strong></span> <span class='ocrx_word' id='word_1_383' title='bbox 1591 5052 1727 5117; x_wconf 87' lang='lat' dir='ltr'><strong><em>Sidonio</em></strong></span> <span class='ocrx_word' id='word_1_384' title='bbox 1749 5065 1860 5118; x_wconf 84' lang='lat' dir='ltr'><strong><em>nostro</em></strong></span> 
     </span>
     <span class='ocr_line' id='line_1_42' title="bbox 230 5155 1857 5247; baseline -0.004 -21"><span class='ocrx_word' id='word_1_385' title='bbox 230 5166 365 5247; x_wconf 88' lang='lat' dir='ltr'><strong><em>qratiam</em></strong></span> <span class='ocrx_word' id='word_1_386' title='bbox 378 5174 426 5230; x_wconf 90' lang='lat' dir='ltr'><strong><em>tot</em></strong></span> <span class='ocrx_word' id='word_1_387' title='bbox 438 5164 496 5230; x_wconf 90' lang='lat' dir='ltr'><strong><em>libi</em></strong></span> <span class='ocrx_word' id='word_1_388' title='bbox 508 5165 689 5229; x_wconf 88' lang='lat' dir='ltr'><strong><em>nominibus</em></strong></span> <span class='ocrx_word' id='word_1_389' title='bbox 701 5163 827 5229; x_wconf 88' lang='lat' dir='ltr'><strong><em>addicto</em></strong></span> <span class='ocrx_word' id='word_1_390' title='bbox 842 5170 872 5225; x_wconf 92' lang='lat' dir='ltr'><strong><em>et</em></strong></span> <span class='ocrx_word' id='word_1_391' title='bbox 884 5166 1067 5225; x_wconf 87' lang='lat' dir='ltr'><strong><em>consecrato</em></strong></span> <span class='ocrx_word' id='word_1_392' title='bbox 1080 5158 1184 5223; x_wconf 88' lang='lat' dir='ltr'><strong><em>deberi</em></strong></span> <span class='ocrx_word' id='word_1_393' title='bbox 1198 5159 1363 5240; x_wconf 63' lang='lat' dir='ltr'><strong><em>confidam.</em></strong></span> <span class='ocrx_word' id='word_1_394' title='bbox 1379 5155 1490 5234; x_wconf 87' lang='lat' dir='ltr'><strong><em>Ilcquc</em></strong></span> <span class='ocrx_word' id='word_1_395' title='bbox 1503 5171 1541 5215; x_wconf 89' lang='lat' dir='ltr'><strong><em>ue</em></strong></span> <span class='ocrx_word' id='word_1_396' title='bbox 1552 5155 1645 5219; x_wconf 87' lang='lat' dir='ltr'><strong><em>istam</em></strong></span> <span class='ocrx_word' id='word_1_397' title='bbox 1660 5156 1784 5237; x_wconf 87' lang='lat' dir='ltr'><strong><em>quidem</em></strong></span> <span class='ocrx_word' id='word_1_398' title='bbox 1800 5164 1857 5219; x_wconf 87' lang='lat' dir='ltr'><strong><em>lum</em></strong></span> 
     </span>
     <span class='ocr_line' id='line_1_43' title="bbox 231 5256 1860 5353; baseline -0.012 -18"><span class='ocrx_word' id='word_1_399' title='bbox 231 5266 310 5338; x_wconf 91' lang='lat' dir='ltr'><strong><em>lenti</em></strong></span> <span class='ocrx_word' id='word_1_400' title='bbox 323 5279 398 5353; x_wconf 83' lang='lat' dir='ltr'><strong><em>past</em></strong></span> <span class='ocrx_word' id='word_1_401' title='bbox 415 5279 463 5339; x_wconf 90' lang='lat' dir='ltr'><strong><em>tot</em></strong></span> <span class='ocrx_word' id='word_1_402' title='bbox 474 5289 576 5336; x_wconf 90' lang='lat' dir='ltr'><strong><em>cnnos</em></strong></span> <span class='ocrx_word' id='word_1_403' title='bbox 589 5268 688 5350; x_wconf 70' lang='lat' dir='ltr'><strong><em>officii</em></strong></span> <span class='ocrx_word' id='word_1_404' title='bbox 704 5268 894 5342; x_wconf 86' lang='lat' dir='ltr'><strong><em>tarditatem,</em></strong></span> <span class='ocrx_word' id='word_1_405' title='bbox 910 5285 949 5328; x_wconf 91' lang='lat' dir='ltr'><strong><em>ne</em></strong></span> <span class='ocrx_word' id='word_1_406' title='bbox 961 5264 1038 5328; x_wconf 86' lang='lat' dir='ltr'><strong><em>mibi</em></strong></span> <span class='ocrx_word' id='word_1_407' title='bbox 1048 5262 1161 5349; x_wconf 62' lang='lat' dir='ltr'><strong><em>pondi</em></strong></span> <span class='ocrx_word' id='word_1_408' title='bbox 1173 5263 1214 5326; x_wconf 88' lang='lat' dir='ltr'><strong><em>sit</em></strong></span> <span class='ocrx_word' id='word_1_409' title='bbox 1229 5262 1424 5345; x_wconf 88' lang='lat' dir='ltr'><strong><em>pertimesco,</em></strong></span> <span class='ocrx_word' id='word_1_410' title='bbox 1446 5273 1514 5318; x_wconf 89' lang='lat' dir='ltr'><strong><em>cum</em></strong></span> <span class='ocrx_word' id='word_1_411' title='bbox 1525 5256 1646 5337; x_wconf 76' lang='lat' dir='ltr'><strong><em>facilem</em></strong></span> <span class='ocrx_word' id='word_1_412' title='bbox 1660 5259 1793 5333; x_wconf 85' lang='lat' dir='ltr'><strong><em>veniam,</em></strong></span> <span class='ocrx_word' id='word_1_413' title='bbox 1807 5271 1860 5319; x_wconf 79' lang='lat' dir='ltr'><strong><em>oret</em></strong></span> 
     </span>
    </p>
   </div>
   <div class='ocr_carea' id='block_1_15' title="bbox 230 5352 1862 5557">
    <p class='ocr_par' dir='ltr' id='par_1_16' title="bbox 230 5352 1862 5557">
     <span class='ocr_line' id='line_1_44' title="bbox 231 5352 1862 5457; baseline -0.01 -20"><span class='ocrx_word' id='word_1_414' title='bbox 231 5374 354 5441; x_wconf 81' lang='lat' dir='ltr'><strong><em>laudens</em></strong></span> <span class='ocrx_word' id='word_1_415' title='bbox 365 5377 485 5457; x_wconf 87' lang='lat' dir='ltr'><strong><em>potius</em></strong></span> <span class='ocrx_word' id='word_1_416' title='bbox 501 5372 537 5436; x_wconf 89' lang='lat' dir='ltr'><strong><em>ni</em></strong></span> <span class='ocrx_word' id='word_1_417' title='bbox 559 5371 667 5454; x_wconf 71' lang='lat' dir='ltr'><strong><em>tollor,</em></strong></span> <span class='ocrx_word' id='word_1_418' title='bbox 678 5368 805 5451; x_wconf 75' lang='lat' dir='ltr'><strong><em>iudicio</em></strong></span> <span class='ocrx_word' id='word_1_419' title='bbox 817 5377 871 5431; x_wconf 88' lang='lat' dir='ltr'><strong><em>tuo</em></strong></span> <span class='ocrx_word' id='word_1_420' title='bbox 884 5367 1044 5430; x_wconf 83' lang='lat' dir='ltr'><strong><em>relaturus</em></strong></span> <span class='ocrx_word' id='word_1_421' title='bbox 1057 5363 1186 5434; x_wconf 69' lang='lat' dir='ltr'><strong><em>uideors</em></strong></span> <span class='ocrx_word' id='word_1_422' title='bbox 1200 5379 1289 5443; x_wconf 88' lang='lat' dir='ltr'><strong><em>quem</em></strong></span> <span class='ocrx_word' id='word_1_423' title='bbox 1308 5353 1464 5433; x_wconf 85' lang='lat' dir='ltr'><strong><em>intelliqer</em></strong></span> <span class='ocrx_word' id='word_1_424' title='bbox 1477 5352 1564 5418; x_wconf 84' lang='lat' dir='ltr'><strong><em>bac</em></strong></span> <span class='ocrx_word' id='word_1_425' title='bbox 1551 5374 1621 5436; x_wconf 85' lang='lat' dir='ltr'><strong><em>tpsa</em></strong></span> <span class='ocrx_word' id='word_1_426' title='bbox 1633 5359 1744 5422; x_wconf 73' lang='lat' dir='ltr'><strong><em>asinis</em></strong></span> <span class='ocrx_word' id='word_1_427' title='bbox 1762 5355 1862 5420; x_wconf 88' lang='lat' dir='ltr'><strong><em>debiti</em></strong></span> 
     </span>
     <span class='ocr_line' id='line_1_45' title="bbox 230 5451 1859 5557; baseline -0.014 -20"><span class='ocrx_word' id='word_1_428' title='bbox 230 5468 422 5557; x_wconf 70' lang='lat' dir='ltr'><strong><em>professione</em></strong></span> <span class='ocrx_word' id='word_1_429' title='bbox 435 5472 596 5555; x_wconf 90' lang='lat' dir='ltr'><strong><em>antiquam</em></strong></span> <span class='ocrx_word' id='word_1_430' title='bbox 619 5474 649 5537; x_wconf 91' lang='grc' dir='ltr'><strong><em>ιι</em></strong></span> <span class='ocrx_word' id='word_1_431' title='bbox 670 5465 894 5544; x_wconf 85' lang='lat' dir='ltr'><strong><em>constantem</em></strong></span> <span class='ocrx_word' id='word_1_432' title='bbox 881 5480 916 5531; x_wconf 90' lang='lat' dir='ltr'><strong><em>sn</em></strong></span> <span class='ocrx_word' id='word_1_433' title='bbox 935 5463 985 5526; x_wconf 89' lang='lat' dir='ltr'><strong><em>tul</em></strong></span> <span class='ocrx_word' id='word_1_434' title='bbox 999 5462 1199 5525; x_wconf 86' lang='lat' dir='ltr'><strong><em>cenerolians</em></strong></span> <span class='ocrx_word' id='word_1_435' title='bbox 1222 5464 1313 5539; x_wconf 85' lang='lat' dir='ltr'><strong><em>alque</em></strong></span> <span class='ocrx_word' id='word_1_436' title='bbox 1325 5451 1471 5532; x_wconf 86' lang='lat' dir='ltr'><strong><em>obsequio</em></strong></span> <span class='ocrx_word' id='word_1_437' title='bbox 1483 5455 1747 5531; x_wconf 83' lang='lat' dir='ltr'><strong><em>perseuerantiam</em></strong></span> <span class='ocrx_word' id='word_1_438' title='bbox 1763 5452 1859 5518; x_wconf 83' lang='lat' dir='ltr'><strong><em>decla</em></strong></span> 
     </span>
    </p>
   </div>
   <div class='ocr_carea' id='block_1_16' title="bbox 231 5591 1143 5763">
    <p class='ocr_par' dir='ltr' id='par_1_17' title="bbox 231 5591 1143 5763">
     <span class='ocr_line' id='line_1_46' title="bbox 231 5591 1101 5645; baseline 0.007 -6"><span class='ocrx_word' id='word_1_439' title='bbox 231 5591 314 5639; x_wconf 69' lang='grc' dir='ltr'><strong><em>ΜΝ</em></strong></span> <span class='ocrx_word' id='word_1_440' title='bbox 378 5608 381 5621; x_wconf 84' lang='grc'><strong>’</strong></span> <span class='ocrx_word' id='word_1_441' title='bbox 1099 5639 1101 5645; x_wconf 81' lang='grc'>,</span> 
     </span>
     <span class='ocr_line' id='line_1_47' title="bbox 390 5592 1143 5725; baseline -0.008 -15.976"><span class='ocrx_word' id='word_1_442' title='bbox 390 5656 502 5725; x_wconf 35' lang='grc' dir='ltr'><strong><em>*ἦ</em></strong></span> <span class='ocrx_word' id='word_1_443' title='bbox 484 5696 488 5704; x_wconf 84' lang='lat'><strong>·</strong></span> <span class='ocrx_word' id='word_1_444' title='bbox 499 5642 566 5683; x_wconf 38' lang='lat' dir='ltr'><strong><em>&#39;hh</em></strong></span> <span class='ocrx_word' id='word_1_445' title='bbox 622 5592 674 5711; x_wconf 67' lang='lat' dir='ltr'><strong><em>&#39;un</em></strong></span> <span class='ocrx_word' id='word_1_446' title='bbox 690 5644 806 5709; x_wconf 61' lang='lat' dir='ltr'><strong><em>Aer!</em></strong></span> <span class='ocrx_word' id='word_1_447' title='bbox 832 5692 839 5710; x_wconf 67' lang='lat' dir='ltr'><strong><em>s</em></strong></span> <span class='ocrx_word' id='word_1_448' title='bbox 878 5683 887 5695; x_wconf 63' lang='lat'><strong><em>&gt;¹</em></strong></span> <span class='ocrx_word' id='word_1_449' title='bbox 910 5690 912 5695; x_wconf 62' lang='lat'><strong>⁴</strong></span> <span class='ocrx_word' id='word_1_450' title='bbox 1012 5678 1037 5685; x_wconf 70' lang='lat'><strong><em>&#39;⁶</em></strong></span> <span class='ocrx_word' id='word_1_451' title='bbox 1118 5646 1143 5666; x_wconf 58' lang='lat'><strong><em>‘&#39;-</em></strong></span> 
     </span>
     <span class='ocr_line' id='line_1_48' title="bbox 434 5732 539 5763; baseline 0 -1"><span class='ocrx_word' id='word_1_452' title='bbox 434 5732 458 5763; x_wconf 62' lang='lat' dir='ltr'><strong><em>vil</em></strong></span> <span class='ocrx_word' id='word_1_453' title='bbox 536 5753 539 5758; x_wconf 91' lang='lat'>-</span> 
     </span>
    </p>
   </div>
   <div class='ocr_carea' id='block_1_17' title="bbox 886 5678 1793 5836">
    <p class='ocr_par' dir='ltr' id='par_1_18' title="bbox 886 5678 1793 5836">
     <span class='ocr_line' id='line_1_49' title="bbox 886 5678 1793 5836; baseline -0.002 -58"><span class='ocrx_word' id='word_1_454' title='bbox 886 5760 911 5772; x_wconf 79' lang='lat'><strong><em>..</em></strong></span> <span class='ocrx_word' id='word_1_455' title='bbox 1012 5766 1050 5836; x_wconf 33' lang='grc' dir='ltr'><strong><em>γ’</em></strong></span> <span class='ocrx_word' id='word_1_456' title='bbox 1224 5716 1438 5780; x_wconf 74' lang='lat' dir='ltr'><strong><em>vestrissimus</em></strong></span> <span class='ocrx_word' id='word_1_457' title='bbox 1455 5716 1522 5780; x_wconf 78' lang='grc' dir='ltr'><strong><em>ιιι.</em></strong></span> <span class='ocrx_word' id='word_1_458' title='bbox 1536 5678 1737 5791; x_wconf 79' lang='lat' dir='ltr'><strong><em>Ssnrsonuos,</em></strong></span> <span class='ocrx_word' id='word_1_459' title='bbox 1786 5699 1793 5708; x_wconf 75' lang='grc'><em>’</em></span> 
     </span>
    </p>
   </div>
   <div class='ocr_carea' id='block_1_18' title="bbox 1378 5817 1661 5894">
    <p class='ocr_par' dir='ltr' id='par_1_19' title="bbox 1378 5817 1661 5894">
     <span class='ocr_line' id='line_1_50' title="bbox 1378 5817 1661 5894; baseline -0.014 -15"><span class='ocrx_word' id='word_1_460' title='bbox 1378 5817 1447 5879; x_wconf 87' lang='lat' dir='ltr'><strong><em>Soa.</em></strong></span> <span class='ocrx_word' id='word_1_461' title='bbox 1461 5817 1537 5880; x_wconf 87' lang='lat' dir='ltr'><strong><em>lesu</em></strong></span> <span class='ocrx_word' id='word_1_462' title='bbox 1555 5819 1661 5894; x_wconf 83' lang='lat' dir='ltr'><strong><em>presb.</em></strong></span> 
     </span>
    </p>
   </div>
   <div class='ocr_carea' id='block_1_19' title="bbox 0 0 2056 6340">
    <p class='ocr_par' dir='ltr' id='par_1_20' title="bbox 0 0 2056 6340">
     <span class='ocr_line' id='line_1_51' title="bbox 0 0 2056 6340; baseline 0 0"><span class='ocrx_word' id='word_1_463' title='bbox 0 0 2056 6340; x_wconf 95' lang='lat' dir='ltr'><strong><em> </em></strong></span> 
     </span>
    </p>
   </div>
  </div>
 </body>
</html>
