<?xml version="1.0" encoding="UTF-8"?>
<!DOCTYPE html PUBLIC "-//W3C//DTD XHTML 1.0 Transitional//EN"
    "http://www.w3.org/TR/xhtml1/DTD/xhtml1-transitional.dtd">
<html xmlns="http://www.w3.org/1999/xhtml" xml:lang="en" lang="en">
 <head>
  <title>
</title>
<meta http-equiv="Content-Type" content="text/html;charset=utf-8" />
  <meta name='ocr-system' content='tesseract 3.04.00' />
  <meta name='ocr-capabilities' content='ocr_page ocr_carea ocr_par ocr_line ocrx_word'/>
</head>
<body>
  <div class='ocr_page' id='page_1' title='image "./patrologiaecurs224unkngoog/patrologiaecurs224unkngoog_0378.png"; bbox 0 0 4080 6348; ppageno 0'>
   <div class='ocr_carea' id='block_1_1' title="bbox 184 258 241 316">
    <p class='ocr_par' dir='ltr' id='par_1_1' title="bbox 184 258 241 316">
     <span class='ocr_line' id='line_1_1' title="bbox 184 258 241 316; baseline 0 0"><span class='ocrx_word' id='word_1_1' title='bbox 184 258 241 316; x_wconf 74' lang='grc'><strong>685</strong></span> 
     </span>
    </p>
   </div>
   <div class='ocr_carea' id='block_1_2' title="bbox 906 262 1073 320">
    <p class='ocr_par' dir='ltr' id='par_1_2' title="bbox 906 262 1073 320">
     <span class='ocr_line' id='line_1_2' title="bbox 906 262 1073 320; baseline 0 -2"><span class='ocrx_word' id='word_1_2' title='bbox 906 262 1073 320; x_wconf 70' lang='lat' dir='ltr'><strong>cnsilium.</strong></span> 
     </span>
    </p>
   </div>
   <div class='ocr_carea' id='block_1_3' title="bbox 188 374 1742 455">
    <p class='ocr_par' dir='ltr' id='par_1_3' title="bbox 188 374 1742 455">
     <span class='ocr_line' id='line_1_3' title="bbox 188 374 1742 455; baseline 0.008 -24"><span class='ocrx_word' id='word_1_3' title='bbox 188 376 309 433; x_wconf 67' lang='lat' dir='ltr'><strong>Vulnere</strong></span> <span class='ocrx_word' id='word_1_4' title='bbox 323 377 365 432; x_wconf 84' lang='lat' dir='ltr'><strong>rel</strong></span> <span class='ocrx_word' id='word_1_5' title='bbox 379 377 475 449; x_wconf 81' lang='lat' dir='ltr'><strong>siquis</strong></span> <span class='ocrx_word' id='word_1_6' title='bbox 488 377 600 449; x_wconf 72' lang='lat' dir='ltr'><strong>plangit,</strong></span> <span class='ocrx_word' id='word_1_7' title='bbox 612 374 859 449; x_wconf 79' lang='lat' dir='ltr'><strong>euibsssepcrisse</strong></span> <span class='ocrx_word' id='word_1_8' title='bbox 871 386 925 445; x_wconf 78' lang='lat' dir='ltr'><strong>est.</strong></span> <span class='ocrx_word' id='word_1_9' title='bbox 994 385 1023 445; x_wconf 75' lang='grc' dir='ltr'><strong>Α</strong></span> <span class='ocrx_word' id='word_1_10' title='bbox 1037 378 1141 434; x_wconf 77' lang='lat' dir='ltr'><strong>Abscm</strong></span> <span class='ocrx_word' id='word_1_11' title='bbox 1154 378 1181 433; x_wconf 93' lang='lat' dir='ltr'><strong>in</strong></span> <span class='ocrx_word' id='word_1_12' title='bbox 1195 388 1292 435; x_wconf 87' lang='lat' dir='ltr'><strong>coneto</strong></span> <span class='ocrx_word' id='word_1_13' title='bbox 1302 374 1354 437; x_wconf 88' lang='lat' dir='ltr'><strong>sibi</strong></span> <span class='ocrx_word' id='word_1_14' title='bbox 1365 382 1475 440; x_wconf 81' lang='lat' dir='ltr'><strong>voluere</strong></span> <span class='ocrx_word' id='word_1_15' title='bbox 1483 383 1539 455; x_wconf 79' lang='lat' dir='ltr'><strong>jum</strong></span> <span class='ocrx_word' id='word_1_16' title='bbox 1552 384 1624 443; x_wconf 82' lang='lat' dir='ltr'><strong>cedit</strong></span> <span class='ocrx_word' id='word_1_17' title='bbox 1634 384 1742 444; x_wconf 82' lang='lat' dir='ltr'><strong>Hector.</strong></span> 
     </span>
    </p>
   </div>
   <div class='ocr_carea' id='block_1_4' title="bbox 142 457 981 1732">
    <p class='ocr_par' dir='ltr' id='par_1_4' title="bbox 184 457 828 634">
     <span class='ocr_line' id='line_1_4' title="bbox 184 457 828 543; baseline 0.002 -17"><span class='ocrx_word' id='word_1_18' title='bbox 184 470 226 526; x_wconf 75' lang='lat' dir='ltr'><strong>dc</strong></span> <span class='ocrx_word' id='word_1_19' title='bbox 240 457 314 525; x_wconf 87' lang='lat' dir='ltr'><strong>lerro</strong></span> <span class='ocrx_word' id='word_1_20' title='bbox 325 486 466 540; x_wconf 78' lang='lat' dir='ltr'><strong>perarasse</strong></span> <span class='ocrx_word' id='word_1_21' title='bbox 478 487 572 543; x_wconf 70' lang='lat' dir='ltr'><strong>genas,</strong></span> <span class='ocrx_word' id='word_1_22' title='bbox 589 470 716 542; x_wconf 82' lang='lat' dir='ltr'><strong>uultuque</strong></span> <span class='ocrx_word' id='word_1_23' title='bbox 729 471 828 528; x_wconf 85' lang='lat' dir='ltr'><strong>minaci</strong></span> 
     </span>
     <span class='ocr_line' id='line_1_5' title="bbox 186 561 734 634; baseline 0 -17"><span class='ocrx_word' id='word_1_24' title='bbox 186 561 279 618; x_wconf 79' lang='lat' dir='ltr'><strong>Rubos</strong></span> <span class='ocrx_word' id='word_1_25' title='bbox 292 563 450 620; x_wconf 88' lang='lat' dir='ltr'><strong>cicatricum</strong></span> <span class='ocrx_word' id='word_1_26' title='bbox 458 564 571 634; x_wconf 71' lang='lat' dir='ltr'><strong>uestigia</strong></span> <span class='ocrx_word' id='word_1_27' title='bbox 586 561 734 619; x_wconf 76' lang='lat' dir='ltr'><strong>defodisse.</strong></span> 
     </span>
    </p>

    <p class='ocr_par' dir='ltr' id='par_1_5' title="bbox 186 653 830 817">
     <span class='ocr_line' id='line_1_6' title="bbox 187 653 785 723; baseline 0 -12"><span class='ocrx_word' id='word_1_28' title='bbox 187 653 286 711; x_wconf 86' lang='lat' dir='ltr'><strong>illustri</strong></span> <span class='ocrx_word' id='word_1_29' title='bbox 299 654 354 723; x_wconf 80' lang='lat' dir='ltr'><strong>iam</strong></span> <span class='ocrx_word' id='word_1_30' title='bbox 369 664 424 710; x_wconf 88' lang='lat' dir='ltr'><strong>tum</strong></span> <span class='ocrx_word' id='word_1_31' title='bbox 438 654 555 710; x_wconf 85' lang='lat' dir='ltr'><strong>donetur</strong></span> <span class='ocrx_word' id='word_1_32' title='bbox 566 655 657 710; x_wconf 87' lang='lat' dir='ltr'><strong>celsus</strong></span> <span class='ocrx_word' id='word_1_33' title='bbox 672 654 785 723; x_wconf 87' lang='lat' dir='ltr'><strong>bonore,</strong></span> 
     </span>
     <span class='ocr_line' id='line_1_7' title="bbox 186 744 830 817; baseline 0.002 -16"><span class='ocrx_word' id='word_1_34' title='bbox 186 744 337 817; x_wconf 79' lang='lat' dir='ltr'>Squameus</span> <span class='ocrx_word' id='word_1_35' title='bbox 347 755 377 802; x_wconf 89' lang='lat' dir='ltr'><strong>et</strong></span> <span class='ocrx_word' id='word_1_36' title='bbox 389 746 476 801; x_wconf 92' lang='lat' dir='ltr'><strong>rutilis</strong></span> <span class='ocrx_word' id='word_1_37' title='bbox 490 745 637 801; x_wconf 87' lang='lat' dir='ltr'><strong>etlemnum</strong></span> <span class='ocrx_word' id='word_1_38' title='bbox 650 745 729 802; x_wconf 88' lang='lat' dir='ltr'><strong>lirida</strong></span> <span class='ocrx_word' id='word_1_39' title='bbox 740 747 830 802; x_wconf 89' lang='lat' dir='ltr'><strong>cristis</strong></span> 
     </span>
    </p>

    <p class='ocr_par' dir='ltr' id='par_1_6' title="bbox 142 822 981 1552">
     <span class='ocr_line' id='line_1_8' title="bbox 142 822 928 910; baseline -0.005 -13"><span class='ocrx_word' id='word_1_40' title='bbox 142 866 148 877; x_wconf 94' lang='lat'><strong>·</strong></span> <span class='ocrx_word' id='word_1_41' title='bbox 185 838 239 897; x_wconf 73' lang='lat' dir='ltr'><strong>orn</strong></span> <span class='ocrx_word' id='word_1_42' title='bbox 252 853 363 910; x_wconf 69' lang='lat' dir='ltr'><strong>gerum.</strong></span> <span class='ocrx_word' id='word_1_43' title='bbox 378 846 392 877; x_wconf 70' lang='grc' dir='ltr'><strong>ι</strong></span> <span class='ocrx_word' id='word_1_44' title='bbox 407 836 458 893; x_wconf 78' lang='grc' dir='ltr'><strong>ιιι</strong></span> <span class='ocrx_word' id='word_1_45' title='bbox 471 853 546 896; x_wconf 84' lang='lat' dir='ltr'><strong>arura</strong></span> <span class='ocrx_word' id='word_1_46' title='bbox 559 822 669 893; x_wconf 83' lang='lat' dir='ltr'><strong>domum</strong></span> <span class='ocrx_word' id='word_1_47' title='bbox 683 837 820 894; x_wconf 77' lang='lat' dir='ltr'><strong>sordentia</strong></span> <span class='ocrx_word' id='word_1_48' title='bbox 831 839 928 895; x_wconf 87' lang='lat' dir='ltr'><strong>castris</strong></span> 
     </span>
     <span class='ocr_line' id='line_1_9' title="bbox 186 929 981 1001; baseline 0.004 -16"><span class='ocrx_word' id='word_1_49' title='bbox 186 930 355 996; x_wconf 78' lang='lat' dir='ltr'><strong>Rettulerst3</strong></span> <span class='ocrx_word' id='word_1_50' title='bbox 372 943 440 986; x_wconf 89' lang='lat' dir='ltr'><strong>uora</strong></span> <span class='ocrx_word' id='word_1_51' title='bbox 455 929 525 985; x_wconf 87' lang='lat' dir='ltr'><strong>bella</strong></span> <span class='ocrx_word' id='word_1_52' title='bbox 538 931 647 999; x_wconf 84' lang='lat' dir='ltr'><strong>iterum,</strong></span> <span class='ocrx_word' id='word_1_53' title='bbox 661 944 832 1001; x_wconf 73' lang='lat' dir='ltr'><strong>pugnamque</strong></span> <span class='ocrx_word' id='word_1_54' title='bbox 844 931 896 987; x_wconf 90' lang='lat' dir='ltr'><strong>sub</strong></span> <span class='ocrx_word' id='word_1_55' title='bbox 915 931 981 1001; x_wconf 83' lang='lat' dir='ltr'><strong>iuris</strong></span> 
     </span>
     <span class='ocr_line' id='line_1_10' title="bbox 186 1022 912 1094; baseline -0.001 -15"><span class='ocrx_word' id='word_1_56' title='bbox 186 1023 245 1080; x_wconf 89' lang='lat' dir='ltr'><strong>lara</strong></span> <span class='ocrx_word' id='word_1_57' title='bbox 260 1024 355 1094; x_wconf 76' lang='lat' dir='ltr'><strong>patrie</strong></span> <span class='ocrx_word' id='word_1_58' title='bbox 369 1022 456 1079; x_wconf 88' lang='lat' dir='ltr'><strong>muris</strong></span> <span class='ocrx_word' id='word_1_59' title='bbox 466 1022 604 1091; x_wconf 74' lang='lat' dir='ltr'><strong>periturus</strong></span> <span class='ocrx_word' id='word_1_60' title='bbox 615 1032 767 1081; x_wconf 89' lang='lat' dir='ltr'><strong>commoret</strong></span> <span class='ocrx_word' id='word_1_61' title='bbox 778 1022 874 1078; x_wconf 85' lang='lat' dir='ltr'><strong>bostis.</strong></span> <span class='ocrx_word' id='word_1_62' title='bbox 907 1066 912 1070; x_wconf 86' lang='lat'><strong>.</strong></span> 
     </span>
     <span class='ocr_line' id='line_1_11' title="bbox 187 1114 900 1185; baseline -0.004 -11"><span class='ocrx_word' id='word_1_63' title='bbox 187 1115 306 1174; x_wconf 78' lang='lat' dir='ltr'><strong>Litorius</strong></span> <span class='ocrx_word' id='word_1_64' title='bbox 320 1114 463 1184; x_wconf 70' lang='lat' dir='ltr'><strong>Scythicos</strong></span> <span class='ocrx_word' id='word_1_65' title='bbox 477 1117 582 1185; x_wconf 75' lang='lat' dir='ltr'><strong>equites</strong></span> <span class='ocrx_word' id='word_1_66' title='bbox 596 1123 653 1170; x_wconf 88' lang='lat' dir='ltr'><strong>turn</strong></span> <span class='ocrx_word' id='word_1_67' title='bbox 667 1115 773 1181; x_wconf 73' lang='lat' dir='ltr'><strong>loneb</strong></span> <span class='ocrx_word' id='word_1_68' title='bbox 788 1115 900 1171; x_wconf 85' lang='lat' dir='ltr'><strong>subucro</strong></span> 
     </span>
     <span class='ocr_line' id='line_1_12' title="bbox 187 1207 888 1278; baseline -0.003 -14"><span class='ocrx_word' id='word_1_69' title='bbox 187 1209 284 1265; x_wconf 80' lang='lat' dir='ltr'><strong>Celsus</strong></span> <span class='ocrx_word' id='word_1_70' title='bbox 295 1207 465 1275; x_wconf 74' lang='lat' dir='ltr'><strong>Aremorico,</strong></span> <span class='ocrx_word' id='word_1_71' title='bbox 481 1207 605 1264; x_wconf 86' lang='lat' dir='ltr'><strong>Geticum</strong></span> <span class='ocrx_word' id='word_1_72' title='bbox 619 1207 740 1277; x_wconf 83' lang='lat' dir='ltr'><strong>rapiebat</strong></span> <span class='ocrx_word' id='word_1_73' title='bbox 754 1209 780 1263; x_wconf 93' lang='lat' dir='ltr'><strong>in</strong></span> <span class='ocrx_word' id='word_1_74' title='bbox 792 1222 888 1278; x_wconf 75' lang='lat' dir='ltr'><strong>agmen</strong></span> 
     </span>
     <span class='ocr_line' id='line_1_13' title="bbox 187 1298 909 1370; baseline -0.007 -11"><span class='ocrx_word' id='word_1_75' title='bbox 187 1301 495 1366; x_wconf 63' lang='lat' dir='ltr'><strong>reimmittere,</strong></span> <span class='ocrx_word' id='word_1_76' title='bbox 512 1306 588 1364; x_wconf 81' lang='lat' dir='ltr'><strong>tuas3</strong></span> <span class='ocrx_word' id='word_1_77' title='bbox 604 1298 650 1369; x_wconf 73' lang='lat' dir='ltr'><strong>qui</strong></span> <span class='ocrx_word' id='word_1_78' title='bbox 662 1298 785 1369; x_wconf 77' lang='lat' dir='ltr'><strong>proxima</strong></span> <span class='ocrx_word' id='word_1_79' title='bbox 796 1312 909 1370; x_wconf 76' lang='lat' dir='ltr'><strong>queque</strong></span> 
     </span>
     <span class='ocr_line' id='line_1_14' title="bbox 189 1388 810 1459; baseline -0.005 -11"><span class='ocrx_word' id='word_1_80' title='bbox 189 1394 327 1456; x_wconf 80' lang='lat' dir='ltr'><strong>Discursu,</strong></span> <span class='ocrx_word' id='word_1_81' title='bbox 342 1389 468 1456; x_wconf 79' lang='lat' dir='ltr'><strong>beaumis,</strong></span> <span class='ocrx_word' id='word_1_82' title='bbox 484 1388 568 1453; x_wconf 78' lang='lat' dir='ltr'><strong>lurco,</strong></span> <span class='ocrx_word' id='word_1_83' title='bbox 580 1388 696 1457; x_wconf 71' lang='lat' dir='ltr'><strong>ieritate</strong></span> <span class='ocrx_word' id='word_1_84' title='bbox 708 1389 810 1459; x_wconf 78' lang='lat' dir='ltr'><strong>rupinis</strong></span> 
     </span>
     <span class='ocr_line' id='line_1_15' title="bbox 188 1481 801 1552; baseline -0.005 -11"><span class='ocrx_word' id='word_1_85' title='bbox 188 1485 332 1551; x_wconf 81' lang='lat' dir='ltr'><strong>liciebant,</strong></span> <span class='ocrx_word' id='word_1_86' title='bbox 345 1492 359 1525; x_wconf 63' lang='grc' dir='ltr'><strong>ι</strong></span> <span class='ocrx_word' id='word_1_87' title='bbox 373 1482 447 1552; x_wconf 78' lang='lat' dir='ltr'><strong>oecis</strong></span> <span class='ocrx_word' id='word_1_88' title='bbox 459 1481 582 1538; x_wconf 79' lang='lat' dir='ltr'><strong>lellentes</strong></span> <span class='ocrx_word' id='word_1_89' title='bbox 597 1496 696 1537; x_wconf 84' lang='lat' dir='ltr'><strong>nomeu</strong></span> <span class='ocrx_word' id='word_1_90' title='bbox 711 1484 801 1547; x_wconf 83' lang='lat' dir='ltr'><strong>loebe,</strong></span> 
     </span>
    </p>

    <p class='ocr_par' dir='ltr' id='par_1_7' title="bbox 187 1571 911 1732">
     <span class='ocr_line' id='line_1_16' title="bbox 189 1571 911 1646; baseline -0.006 -16"><span class='ocrx_word' id='word_1_91' title='bbox 189 1576 274 1646; x_wconf 76' lang='lat' dir='ltr'><strong>liujus</strong></span> <span class='ocrx_word' id='word_1_92' title='bbox 287 1584 342 1633; x_wconf 86' lang='lat' dir='ltr'><strong>turs</strong></span> <span class='ocrx_word' id='word_1_93' title='bbox 357 1572 486 1631; x_wconf 82' lang='lat' dir='ltr'><strong>lentulum</strong></span> <span class='ocrx_word' id='word_1_94' title='bbox 501 1571 610 1643; x_wconf 81' lang='lat' dir='ltr'><strong>quidam</strong></span> <span class='ocrx_word' id='word_1_95' title='bbox 624 1572 800 1627; x_wconf 69' lang='lat' dir='ltr'><strong>truculentior</strong></span> <span class='ocrx_word' id='word_1_96' title='bbox 814 1571 911 1627; x_wconf 83' lang='lat' dir='ltr'><strong>borum</strong></span> 
     </span>
     <span class='ocr_line' id='line_1_17' title="bbox 187 1662 814 1732; baseline -0.011 -7"><span class='ocrx_word' id='word_1_97' title='bbox 187 1666 249 1732; x_wconf 67' lang='lat' dir='ltr'><strong>Nou</strong></span> <span class='ocrx_word' id='word_1_98' title='bbox 264 1664 470 1732; x_wconf 75' lang='lat' dir='ltr'><strong>lerieodeleris3</strong></span> <span class='ocrx_word' id='word_1_99' title='bbox 485 1664 539 1719; x_wconf 89' lang='lat' dir='ltr'><strong>ruit</strong></span> <span class='ocrx_word' id='word_1_100' title='bbox 553 1662 608 1729; x_wconf 86' lang='lat' dir='ltr'><strong>ille,</strong></span> <span class='ocrx_word' id='word_1_101' title='bbox 619 1672 648 1718; x_wconf 87' lang='lat' dir='ltr'><strong>ct</strong></span> <span class='ocrx_word' id='word_1_102' title='bbox 661 1664 746 1718; x_wconf 90' lang='lat' dir='ltr'><strong>tristia</strong></span> <span class='ocrx_word' id='word_1_103' title='bbox 761 1663 814 1718; x_wconf 83' lang='lat' dir='ltr'><strong>latu</strong></span> 
     </span>
    </p>
   </div>
   <div class='ocr_carea' id='block_1_5' title="bbox 1032 470 1822 1743">
    <p class='ocr_par' dir='ltr' id='par_1_8' title="bbox 1032 470 1822 1743">
     <span class='ocr_line' id='line_1_18' title="bbox 1071 470 1752 552; baseline 0.021 -28"><span class='ocrx_word' id='word_1_104' title='bbox 1071 470 1195 527; x_wconf 77' lang='lat' dir='ltr'><strong>Proditus</strong></span> <span class='ocrx_word' id='word_1_105' title='bbox 1207 485 1237 528; x_wconf 92' lang='grc' dir='ltr'><strong>ιιι</strong></span> <span class='ocrx_word' id='word_1_106' title='bbox 1250 473 1368 541; x_wconf 86' lang='lat' dir='ltr'><strong>tandem,</strong></span> <span class='ocrx_word' id='word_1_107' title='bbox 1383 476 1449 532; x_wconf 78' lang='lat' dir='ltr'><strong>tanti</strong></span> <span class='ocrx_word' id='word_1_108' title='bbox 1465 479 1508 549; x_wconf 80' lang='lat' dir='ltr'><strong>qui</strong></span> <span class='ocrx_word' id='word_1_109' title='bbox 1518 493 1598 534; x_wconf 88' lang='lat' dir='ltr'><strong>causa</strong></span> <span class='ocrx_word' id='word_1_110' title='bbox 1613 482 1752 552; x_wconf 88' lang='lat' dir='ltr'><strong>turnultus,</strong></span> 
     </span>
     <span class='ocr_line' id='line_1_19' title="bbox 1036 560 1734 646; baseline 0.024 -32"><span class='ocrx_word' id='word_1_111' title='bbox 1036 560 1123 630; x_wconf 82' lang='lat' dir='ltr'><strong>lnquit</strong></span> <span class='ocrx_word' id='word_1_112' title='bbox 1136 563 1238 628; x_wconf 79' lang='lat' dir='ltr'><strong>Auitus,</strong></span> <span class='ocrx_word' id='word_1_113' title='bbox 1252 564 1319 635; x_wconf 75' lang='lat' dir='ltr'><strong>Ago,</strong></span> <span class='ocrx_word' id='word_1_114' title='bbox 1335 566 1459 638; x_wconf 80' lang='lat' dir='ltr'><strong>Scythico</strong></span> <span class='ocrx_word' id='word_1_115' title='bbox 1471 572 1569 627; x_wconf 89' lang='lat' dir='ltr'><strong>nutrite</strong></span> <span class='ocrx_word' id='word_1_116' title='bbox 1584 571 1634 627; x_wconf 85' lang='lat' dir='ltr'><strong>sub</strong></span> <span class='ocrx_word' id='word_1_117' title='bbox 1648 583 1734 646; x_wconf 87' lang='lat' dir='ltr'><strong>arcto,</strong></span> 
     </span>
     <span class='ocr_line' id='line_1_20' title="bbox 1036 654 1677 734; baseline 0.023 -27"><span class='ocrx_word' id='word_1_118' title='bbox 1036 654 1085 722; x_wconf 83' lang='lat' dir='ltr'><strong>Qui</strong></span> <span class='ocrx_word' id='word_1_119' title='bbox 1100 655 1177 721; x_wconf 88' lang='lat' dir='ltr'><strong>luris,</strong></span> <span class='ocrx_word' id='word_1_120' title='bbox 1189 666 1216 712; x_wconf 89' lang='lat' dir='ltr'><strong>et</strong></span> <span class='ocrx_word' id='word_1_121' title='bbox 1230 672 1301 712; x_wconf 81' lang='lat' dir='ltr'><strong>caeso</strong></span> <span class='ocrx_word' id='word_1_122' title='bbox 1316 670 1418 716; x_wconf 86' lang='lat' dir='ltr'><strong>tanturn</strong></span> <span class='ocrx_word' id='word_1_123' title='bbox 1432 662 1477 732; x_wconf 76' lang='lat' dir='ltr'><strong>uui</strong></span> <span class='ocrx_word' id='word_1_124' title='bbox 1490 663 1551 719; x_wconf 88' lang='lat' dir='ltr'><strong>lidis</strong></span> <span class='ocrx_word' id='word_1_125' title='bbox 1562 667 1677 734; x_wconf 87' lang='lat' dir='ltr'><strong>inermi,</strong></span> 
     </span>
     <span class='ocr_line' id='line_1_21' title="bbox 1034 744 1734 825; baseline 0.023 -26"><span class='ocrx_word' id='word_1_126' title='bbox 1034 744 1206 816; x_wconf 76' lang='lat' dir='ltr'><strong>Congredere</strong></span> <span class='ocrx_word' id='word_1_127' title='bbox 1218 757 1323 804; x_wconf 86' lang='lat' dir='ltr'><strong>armato</strong></span> <span class='ocrx_word' id='word_1_128' title='bbox 1339 765 1346 804; x_wconf 90' lang='lat'><strong>:</strong></span> <span class='ocrx_word' id='word_1_129' title='bbox 1362 754 1473 807; x_wconf 87' lang='lat' dir='ltr'><strong>multum</strong></span> <span class='ocrx_word' id='word_1_130' title='bbox 1490 754 1536 810; x_wconf 89' lang='lat' dir='ltr'><strong>tibi</strong></span> <span class='ocrx_word' id='word_1_131' title='bbox 1555 759 1679 825; x_wconf 75' lang='lat' dir='ltr'><strong>prestitit</strong></span> <span class='ocrx_word' id='word_1_132' title='bbox 1693 760 1734 816; x_wconf 87' lang='lat' dir='ltr'><strong>ira</strong></span> 
     </span>
     <span class='ocr_line' id='line_1_22' title="bbox 1034 836 1751 921; baseline 0.024 -29"><span class='ocrx_word' id='word_1_133' title='bbox 1034 836 1092 892; x_wconf 80' lang='lat' dir='ltr'><strong>lam</strong></span> <span class='ocrx_word' id='word_1_134' title='bbox 1108 853 1177 904; x_wconf 89' lang='lat' dir='ltr'><strong>mea,</strong></span> <span class='ocrx_word' id='word_1_135' title='bbox 1191 842 1312 896; x_wconf 83' lang='lat' dir='ltr'><strong>concessi</strong></span> <span class='ocrx_word' id='word_1_136' title='bbox 1327 858 1453 914; x_wconf 77' lang='lat' dir='ltr'><strong>pugnum,</strong></span> <span class='ocrx_word' id='word_1_137' title='bbox 1465 846 1601 921; x_wconf 80' lang='lat' dir='ltr'><strong>jubeoque</strong></span> <span class='ocrx_word' id='word_1_138' title='bbox 1614 851 1723 909; x_wconf 87' lang='lat' dir='ltr'><strong>resistas</strong></span> <span class='ocrx_word' id='word_1_139' title='bbox 1734 869 1751 909; x_wconf 45' lang='grc' dir='ltr'><strong>ιι</strong></span> 
     </span>
     <span class='ocr_line' id='line_1_23' title="bbox 1032 928 1736 1015; baseline 0.024 -32"><span class='ocrx_word' id='word_1_140' title='bbox 1032 928 1187 986; x_wconf 77' lang='lat' dir='ltr'><strong>certantem</strong></span> <span class='ocrx_word' id='word_1_141' title='bbox 1201 941 1333 988; x_wconf 85' lang='lat' dir='ltr'><strong>mactasse</strong></span> <span class='ocrx_word' id='word_1_142' title='bbox 1344 934 1429 1003; x_wconf 83' lang='lat' dir='ltr'><strong>jurat.</strong></span> <span class='ocrx_word' id='word_1_143' title='bbox 1446 936 1491 992; x_wconf 88' lang='lat' dir='ltr'><strong>Sic</strong></span> <span class='ocrx_word' id='word_1_144' title='bbox 1504 938 1584 1007; x_wconf 87' lang='lat' dir='ltr'><strong>letor,</strong></span> <span class='ocrx_word' id='word_1_145' title='bbox 1600 953 1627 997; x_wconf 92' lang='lat' dir='ltr'><strong>et</strong></span> <span class='ocrx_word' id='word_1_146' title='bbox 1642 958 1736 1015; x_wconf 84' lang='lat' dir='ltr'><strong>aequor</strong></span> 
     </span>
     <span class='ocr_line' id='line_1_24' title="bbox 1033 1020 1786 1096; baseline 0.025 -20"><span class='ocrx_word' id='word_1_147' title='bbox 1033 1020 1143 1078; x_wconf 87' lang='lat' dir='ltr'><strong>Prosilit</strong></span> <span class='ocrx_word' id='word_1_148' title='bbox 1155 1022 1182 1077; x_wconf 91' lang='lat' dir='ltr'><strong>iu</strong></span> <span class='ocrx_word' id='word_1_149' title='bbox 1198 1024 1314 1080; x_wconf 91' lang='lat' dir='ltr'><strong>medium</strong></span> <span class='ocrx_word' id='word_1_150' title='bbox 1329 1042 1335 1078; x_wconf 75' lang='grc' dir='ltr'><em>τ</em></span> <span class='ocrx_word' id='word_1_151' title='bbox 1352 1041 1464 1083; x_wconf 89' lang='lat' dir='ltr'><strong>necnon</strong></span> <span class='ocrx_word' id='word_1_152' title='bbox 1480 1029 1553 1086; x_wconf 87' lang='lat' dir='ltr'><strong>leros</strong></span> <span class='ocrx_word' id='word_1_153' title='bbox 1567 1032 1674 1090; x_wconf 86' lang='lat' dir='ltr'><strong>aduenit</strong></span> <span class='ocrx_word' id='word_1_154' title='bbox 1688 1035 1786 1096; x_wconf 83' lang='lat' dir='ltr'><strong>bostis.</strong></span> 
     </span>
     <span class='ocr_line' id='line_1_25' title="bbox 1033 1112 1661 1193; baseline 0.021 -24"><span class='ocrx_word' id='word_1_155' title='bbox 1033 1112 1069 1169; x_wconf 81' lang='grc' dir='ltr'><strong>ιιι</strong></span> <span class='ocrx_word' id='word_1_156' title='bbox 1083 1114 1195 1181; x_wconf 81' lang='lat' dir='ltr'><strong>priorum</strong></span> <span class='ocrx_word' id='word_1_157' title='bbox 1213 1126 1304 1184; x_wconf 81' lang='lat' dir='ltr'><strong>uectus</strong></span> <span class='ocrx_word' id='word_1_158' title='bbox 1316 1117 1357 1172; x_wconf 85' lang='lat' dir='ltr'><strong>rel</strong></span> <span class='ocrx_word' id='word_1_159' title='bbox 1369 1117 1491 1176; x_wconf 89' lang='lat' dir='ltr'><strong>cominus</strong></span> <span class='ocrx_word' id='word_1_160' title='bbox 1503 1137 1548 1176; x_wconf 92' lang='lat' dir='ltr'><strong>ora</strong></span> <span class='ocrx_word' id='word_1_161' title='bbox 1562 1124 1661 1193; x_wconf 86' lang='lat' dir='ltr'><strong>tulere,</strong></span> 
     </span>
     <span class='ocr_line' id='line_1_26' title="bbox 1035 1203 1681 1277; baseline 0.025 -20"><span class='ocrx_word' id='word_1_162' title='bbox 1035 1203 1083 1258; x_wconf 88' lang='lat' dir='ltr'><strong>liic</strong></span> <span class='ocrx_word' id='word_1_163' title='bbox 1095 1203 1133 1259; x_wconf 85' lang='lat' dir='ltr'><strong>ira</strong></span> <span class='ocrx_word' id='word_1_164' title='bbox 1148 1205 1247 1269; x_wconf 85' lang='lat' dir='ltr'><strong>tremit,</strong></span> <span class='ocrx_word' id='word_1_165' title='bbox 1262 1205 1307 1261; x_wconf 91' lang='lat' dir='ltr'><strong>ille</strong></span> <span class='ocrx_word' id='word_1_166' title='bbox 1321 1217 1403 1263; x_wconf 90' lang='lat' dir='ltr'><strong>metu.</strong></span> <span class='ocrx_word' id='word_1_167' title='bbox 1420 1210 1478 1264; x_wconf 78' lang='lat' dir='ltr'><strong>lanu</strong></span> <span class='ocrx_word' id='word_1_168' title='bbox 1492 1221 1588 1269; x_wconf 79' lang='lat' dir='ltr'><strong>catere</strong></span> <span class='ocrx_word' id='word_1_169' title='bbox 1603 1218 1681 1277; x_wconf 76' lang='lat' dir='ltr'><strong>turba</strong></span> 
     </span>
     <span class='ocr_line' id='line_1_27' title="bbox 1035 1295 1672 1376; baseline 0.025 -28"><span class='ocrx_word' id='word_1_170' title='bbox 1035 1295 1151 1351; x_wconf 80' lang='lat' dir='ltr'><strong>llirersis</strong></span> <span class='ocrx_word' id='word_1_171' title='bbox 1163 1296 1279 1367; x_wconf 83' lang='lat' dir='ltr'><strong>trepidet</strong></span> <span class='ocrx_word' id='word_1_172' title='bbox 1291 1299 1371 1367; x_wconf 88' lang='lat' dir='ltr'><strong>rotis,</strong></span> <span class='ocrx_word' id='word_1_173' title='bbox 1386 1302 1528 1372; x_wconf 76' lang='lat' dir='ltr'><strong>variosque</strong></span> <span class='ocrx_word' id='word_1_174' title='bbox 1543 1320 1590 1376; x_wconf 81' lang='lat' dir='ltr'><strong>per</strong></span> <span class='ocrx_word' id='word_1_175' title='bbox 1603 1306 1672 1364; x_wconf 84' lang='lat' dir='ltr'><strong>icius</strong></span> 
     </span>
     <span class='ocr_line' id='line_1_28' title="bbox 1033 1387 1785 1475; baseline 0.024 -32"><span class='ocrx_word' id='word_1_176' title='bbox 1033 1387 1135 1445; x_wconf 78' lang='lat' dir='ltr'><strong>Poridet</strong></span> <span class='ocrx_word' id='word_1_177' title='bbox 1143 1390 1178 1445; x_wconf 83' lang='lat' dir='ltr'><strong>ab</strong></span> <span class='ocrx_word' id='word_1_178' title='bbox 1190 1401 1304 1459; x_wconf 67' lang='lat' dir='ltr'><strong>erenum</strong></span> <span class='ocrx_word' id='word_1_179' title='bbox 1317 1392 1365 1449; x_wconf 81' lang='lat' dir='ltr'><strong>sel</strong></span> <span class='ocrx_word' id='word_1_180' title='bbox 1378 1403 1519 1465; x_wconf 80' lang='lat' dir='ltr'><strong>postquam</strong></span> <span class='ocrx_word' id='word_1_181' title='bbox 1535 1400 1635 1469; x_wconf 83' lang='lat' dir='ltr'><strong>primu,</strong></span> <span class='ocrx_word' id='word_1_182' title='bbox 1650 1405 1785 1475; x_wconf 75' lang='lat' dir='ltr'><strong>secunda,</strong></span> 
     </span>
     <span class='ocr_line' id='line_1_29' title="bbox 1033 1482 1822 1558; baseline 0.022 -22"><span class='ocrx_word' id='word_1_183' title='bbox 1033 1482 1177 1553; x_wconf 83' lang='lat' dir='ltr'><strong>Tertiaque</strong></span> <span class='ocrx_word' id='word_1_184' title='bbox 1186 1491 1245 1539; x_wconf 84' lang='lat' dir='ltr'><strong>soto</strong></span> <span class='ocrx_word' id='word_1_185' title='bbox 1254 1494 1311 1540; x_wconf 83' lang='lat' dir='ltr'><strong>rote</strong></span> <span class='ocrx_word' id='word_1_186' title='bbox 1322 1495 1373 1553; x_wconf 85' lang='lat' dir='ltr'><strong>est,</strong></span> <span class='ocrx_word' id='word_1_187' title='bbox 1390 1488 1463 1544; x_wconf 83' lang='lat' dir='ltr'><strong>venit</strong></span> <span class='ocrx_word' id='word_1_188' title='bbox 1472 1503 1546 1558; x_wconf 88' lang='lat' dir='ltr'><strong>ecce,</strong></span> <span class='ocrx_word' id='word_1_189' title='bbox 1560 1500 1587 1547; x_wconf 89' lang='lat' dir='ltr'><strong>et</strong></span> <span class='ocrx_word' id='word_1_190' title='bbox 1599 1492 1670 1548; x_wconf 89' lang='lat' dir='ltr'><strong>celsa</strong></span> <span class='ocrx_word' id='word_1_191' title='bbox 1680 1506 1822 1555; x_wconf 81' lang='lat' dir='ltr'><strong>eruentem</strong></span> 
     </span>
     <span class='ocr_line' id='line_1_30' title="bbox 1032 1574 1787 1650; baseline 0.024 -23"><span class='ocrx_word' id='word_1_192' title='bbox 1032 1574 1114 1646; x_wconf 59' lang='lat'><strong>340</strong></span> <span class='ocrx_word' id='word_1_193' title='bbox 1126 1574 1248 1632; x_wconf 76' lang='lat' dir='ltr'><strong>Perierat</strong></span> <span class='ocrx_word' id='word_1_194' title='bbox 1263 1578 1337 1633; x_wconf 85' lang='lat' dir='ltr'><strong>besta</strong></span> <span class='ocrx_word' id='word_1_195' title='bbox 1352 1578 1454 1647; x_wconf 85' lang='lat' dir='ltr'><strong>virum,</strong></span> <span class='ocrx_word' id='word_1_196' title='bbox 1470 1591 1529 1650; x_wconf 82' lang='lat' dir='ltr'><strong>uost</strong></span> <span class='ocrx_word' id='word_1_197' title='bbox 1541 1590 1570 1639; x_wconf 91' lang='lat' dir='ltr'><strong>ct</strong></span> <span class='ocrx_word' id='word_1_198' title='bbox 1583 1585 1697 1641; x_wconf 80' lang='lat' dir='ltr'><strong>confinia</strong></span> <span class='ocrx_word' id='word_1_199' title='bbox 1712 1587 1787 1645; x_wconf 90' lang='lat' dir='ltr'><strong>dorsi</strong></span> 
     </span>
     <span class='ocr_line' id='line_1_31' title="bbox 1033 1668 1684 1743; baseline 0.018 -20"><span class='ocrx_word' id='word_1_200' title='bbox 1033 1668 1111 1724; x_wconf 89' lang='lat' dir='ltr'><strong>Cedit</strong></span> <span class='ocrx_word' id='word_1_201' title='bbox 1124 1669 1271 1727; x_wconf 77' lang='lat' dir='ltr'><strong>transfosso</strong></span> <span class='ocrx_word' id='word_1_202' title='bbox 1283 1681 1376 1742; x_wconf 81' lang='lat' dir='ltr'><strong>ruptos</strong></span> <span class='ocrx_word' id='word_1_203' title='bbox 1391 1673 1431 1729; x_wconf 89' lang='lat' dir='ltr'><strong>bis</strong></span> <span class='ocrx_word' id='word_1_204' title='bbox 1446 1685 1556 1743; x_wconf 83' lang='lat' dir='ltr'><strong>uectore</strong></span> <span class='ocrx_word' id='word_1_205' title='bbox 1570 1676 1684 1735; x_wconf 77' lang='lat' dir='ltr'><strong>thorax:</strong></span> 
     </span>
    </p>
   </div>
   <div class='ocr_carea' id='block_1_6' title="bbox 189 1758 1750 1849">
    <p class='ocr_par' dir='ltr' id='par_1_9' title="bbox 189 1758 1750 1849">
     <span class='ocr_line' id='line_1_32' title="bbox 189 1758 1750 1849; baseline 0.006 -31"><span class='ocrx_word' id='word_1_206' title='bbox 189 1761 367 1821; x_wconf 76' lang='lat' dir='ltr'><strong>oomueouat</strong></span> <span class='ocrx_word' id='word_1_207' title='bbox 377 1760 487 1817; x_wconf 82' lang='lat' dir='ltr'><strong>domiuo</strong></span> <span class='ocrx_word' id='word_1_208' title='bbox 497 1759 613 1827; x_wconf 78' lang='lat' dir='ltr'><strong>antemi,</strong></span> <span class='ocrx_word' id='word_1_209' title='bbox 632 1767 787 1830; x_wconf 58' lang='lat' dir='ltr'><strong>parentque</strong></span> <span class='ocrx_word' id='word_1_210' title='bbox 799 1758 916 1817; x_wconf 89' lang='lat' dir='ltr'><strong>loturam</strong></span> <span class='ocrx_word' id='word_1_211' title='bbox 995 1758 1066 1819; x_wconf 76' lang='lat' dir='ltr'><strong>Bllt</strong></span> <span class='ocrx_word' id='word_1_212' title='bbox 1078 1758 1142 1815; x_wconf 86' lang='lat' dir='ltr'><strong>dum</strong></span> <span class='ocrx_word' id='word_1_213' title='bbox 1157 1775 1205 1831; x_wconf 85' lang='lat' dir='ltr'><strong>per</strong></span> <span class='ocrx_word' id='word_1_214' title='bbox 1218 1761 1352 1831; x_wconf 83' lang='lat' dir='ltr'><strong>duplicem</strong></span> <span class='ocrx_word' id='word_1_215' title='bbox 1367 1764 1475 1834; x_wconf 74' lang='lat' dir='ltr'><strong>sangnis</strong></span> <span class='ocrx_word' id='word_1_216' title='bbox 1489 1766 1618 1838; x_wconf 78' lang='lat' dir='ltr'><strong>singultat</strong></span> <span class='ocrx_word' id='word_1_217' title='bbox 1633 1769 1750 1849; x_wconf 80' lang='lat' dir='ltr'><strong>birrum,</strong></span> 
     </span>
    </p>
   </div>
   <div class='ocr_carea' id='block_1_7' title="bbox 189 1851 983 3131">
    <p class='ocr_par' dir='ltr' id='par_1_10' title="bbox 192 1851 936 1922">
     <span class='ocr_line' id='line_1_33' title="bbox 192 1851 936 1922; baseline 0.003 -15"><span class='ocrx_word' id='word_1_218' title='bbox 192 1851 323 1909; x_wconf 72' lang='lat' dir='ltr'><strong>vindicte</strong></span> <span class='ocrx_word' id='word_1_219' title='bbox 339 1853 456 1909; x_wconf 88' lang='lat' dir='ltr'><strong>moriens</strong></span> <span class='ocrx_word' id='word_1_220' title='bbox 471 1851 650 1922; x_wconf 74' lang='lat' dir='ltr'><strong>Stygiumsue</strong></span> <span class='ocrx_word' id='word_1_221' title='bbox 664 1859 754 1921; x_wconf 79' lang='lat' dir='ltr'><strong>portui</strong></span> <span class='ocrx_word' id='word_1_222' title='bbox 768 1851 803 1909; x_wconf 92' lang='lat' dir='ltr'><strong>ad</strong></span> <span class='ocrx_word' id='word_1_223' title='bbox 815 1867 936 1911; x_wconf 86' lang='lat' dir='ltr'><strong>amnem.</strong></span> 
     </span>
    </p>

    <p class='ocr_par' dir='ltr' id='par_1_11' title="bbox 189 1946 809 2017">
     <span class='ocr_line' id='line_1_34' title="bbox 189 1946 809 2017; baseline -0.003 -12"><span class='ocrx_word' id='word_1_224' title='bbox 189 1946 288 2017; x_wconf 71' lang='lat' dir='ltr'><strong>orion</strong></span> <span class='ocrx_word' id='word_1_225' title='bbox 302 1947 372 2003; x_wconf 80' lang='lat' dir='ltr'><strong>larse</strong></span> <span class='ocrx_word' id='word_1_226' title='bbox 387 1947 444 2002; x_wconf 83' lang='lat' dir='ltr'><strong>uiro</strong></span> <span class='ocrx_word' id='word_1_227' title='bbox 455 1954 542 2001; x_wconf 87' lang='lat' dir='ltr'><strong>turres</strong></span> <span class='ocrx_word' id='word_1_228' title='bbox 555 1954 701 2016; x_wconf 73' lang='lat' dir='ltr'><strong>portusque</strong></span> <span class='ocrx_word' id='word_1_229' title='bbox 713 1949 809 2015; x_wconf 81' lang='lat' dir='ltr'><strong>tuenti.</strong></span> 
     </span>
    </p>

    <p class='ocr_par' dir='ltr' id='par_1_12' title="bbox 191 2036 837 2108">
     <span class='ocr_line' id='line_1_35' title="bbox 191 2036 837 2108; baseline 0.003 -14"><span class='ocrx_word' id='word_1_230' title='bbox 191 2036 288 2097; x_wconf 85' lang='lat' dir='ltr'><strong>iutuitu</strong></span> <span class='ocrx_word' id='word_1_231' title='bbox 303 2037 407 2108; x_wconf 75' lang='lat' dir='ltr'><strong>orrida</strong></span> <span class='ocrx_word' id='word_1_232' title='bbox 421 2038 506 2108; x_wconf 83' lang='lat' dir='ltr'><strong>plebis</strong></span> <span class='ocrx_word' id='word_1_233' title='bbox 517 2037 617 2108; x_wconf 82' lang='lat' dir='ltr'><strong>perient</strong></span> <span class='ocrx_word' id='word_1_234' title='bbox 630 2040 720 2095; x_wconf 83' lang='lat' dir='ltr'><strong>scelus</strong></span> <span class='ocrx_word' id='word_1_235' title='bbox 736 2049 837 2096; x_wconf 87' lang='lat' dir='ltr'><strong>aetum.</strong></span> 
     </span>
    </p>

    <p class='ocr_par' dir='ltr' id='par_1_13' title="bbox 191 2130 957 2203">
     <span class='ocr_line' id='line_1_36' title="bbox 191 2130 957 2203; baseline 0.003 -15"><span class='ocrx_word' id='word_1_236' title='bbox 191 2130 341 2195; x_wconf 74' lang='lat' dir='ltr'><strong>Excutior,</strong></span> <span class='ocrx_word' id='word_1_237' title='bbox 359 2138 453 2199; x_wconf 86' lang='lat' dir='ltr'><strong>restat,</strong></span> <span class='ocrx_word' id='word_1_238' title='bbox 468 2130 561 2200; x_wconf 78' lang='lat' dir='ltr'><strong>uallet,</strong></span> <span class='ocrx_word' id='word_1_239' title='bbox 575 2130 664 2197; x_wconf 85' lang='lat' dir='ltr'><strong>rubet,</strong></span> <span class='ocrx_word' id='word_1_240' title='bbox 681 2132 755 2202; x_wconf 73' lang='lat' dir='ltr'><strong>alget</strong></span> <span class='ocrx_word' id='word_1_241' title='bbox 767 2133 892 2203; x_wconf 82' lang='lat' dir='ltr'><strong>etardet,</strong></span> <span class='ocrx_word' id='word_1_242' title='bbox 956 2175 957 2178; x_wconf 21' lang='grc' dir='ltr'>ι</span> 
     </span>
    </p>

    <p class='ocr_par' dir='ltr' id='par_1_14' title="bbox 192 2222 857 2296">
     <span class='ocr_line' id='line_1_37' title="bbox 192 2222 857 2296; baseline -0.002 -13"><span class='ocrx_word' id='word_1_243' title='bbox 192 2226 232 2283; x_wconf 77' lang='lat' dir='ltr'><strong>dc</strong></span> <span class='ocrx_word' id='word_1_244' title='bbox 246 2223 355 2281; x_wconf 84' lang='lat' dir='ltr'><strong>sibimet</strong></span> <span class='ocrx_word' id='word_1_245' title='bbox 368 2223 467 2281; x_wconf 77' lang='lat' dir='ltr'><strong>utullus</strong></span> <span class='ocrx_word' id='word_1_246' title='bbox 479 2222 583 2279; x_wconf 83' lang='lat' dir='ltr'><strong>uoltum</strong></span> <span class='ocrx_word' id='word_1_247' title='bbox 597 2226 700 2280; x_wconf 81' lang='lat' dir='ltr'><strong>seriata</strong></span> <span class='ocrx_word' id='word_1_248' title='bbox 713 2239 763 2296; x_wconf 78' lang='lat' dir='ltr'><strong>uer</strong></span> <span class='ocrx_word' id='word_1_249' title='bbox 773 2241 857 2282; x_wconf 85' lang='lat' dir='ltr'><strong>ouum</strong></span> 
     </span>
    </p>

    <p class='ocr_par' dir='ltr' id='par_1_15' title="bbox 193 2316 820 2389">
     <span class='ocr_line' id='line_1_38' title="bbox 193 2316 820 2389; baseline 0 -14"><span class='ocrx_word' id='word_1_250' title='bbox 193 2318 235 2375; x_wconf 85' lang='lat' dir='ltr'><strong>lra</strong></span> <span class='ocrx_word' id='word_1_251' title='bbox 247 2316 422 2383; x_wconf 87' lang='lat' dir='ltr'><strong>laeitlucies;</strong></span> <span class='ocrx_word' id='word_1_252' title='bbox 434 2317 478 2373; x_wconf 84' lang='lat' dir='ltr'><strong>rel</strong></span> <span class='ocrx_word' id='word_1_253' title='bbox 492 2318 538 2388; x_wconf 80' lang='lat' dir='ltr'><strong>uui</strong></span> <span class='ocrx_word' id='word_1_254' title='bbox 549 2331 609 2373; x_wconf 89' lang='lat' dir='ltr'><strong>mos</strong></span> <span class='ocrx_word' id='word_1_255' title='bbox 623 2332 695 2389; x_wconf 78' lang='lat' dir='ltr'><strong>supe</strong></span> <span class='ocrx_word' id='word_1_256' title='bbox 708 2320 820 2388; x_wconf 73' lang='lat' dir='ltr'><strong>dolend,</strong></span> 
     </span>
    </p>

    <p class='ocr_par' dir='ltr' id='par_1_16' title="bbox 190 2406 981 2485">
     <span class='ocr_line' id='line_1_39' title="bbox 190 2406 981 2485; baseline -0.008 -10"><span class='ocrx_word' id='word_1_257' title='bbox 190 2412 535 2479; x_wconf 63' lang='lat' dir='ltr'><strong>clarummontem</strong></span> <span class='ocrx_word' id='word_1_258' title='bbox 551 2413 660 2471; x_wconf 77' lang='grc' dir='ltr'>ιιιιιιιιιι</span> <span class='ocrx_word' id='word_1_259' title='bbox 674 2406 840 2485; x_wconf 59' lang='lat' dir='ltr'><strong>prorumpit,</strong></span> <span class='ocrx_word' id='word_1_260' title='bbox 855 2422 883 2471; x_wconf 91' lang='lat' dir='ltr'><strong>et</strong></span> <span class='ocrx_word' id='word_1_261' title='bbox 896 2428 981 2481; x_wconf 86' lang='lat' dir='ltr'><strong>arma,</strong></span> 
     </span>
    </p>

    <p class='ocr_par' dir='ltr' id='par_1_17' title="bbox 194 2504 983 2672">
     <span class='ocr_line' id='line_1_40' title="bbox 194 2504 983 2579; baseline 0 -18"><span class='ocrx_word' id='word_1_262' title='bbox 194 2504 274 2579; x_wconf 69' lang='grc'><strong>339</strong></span> <span class='ocrx_word' id='word_1_263' title='bbox 286 2506 368 2565; x_wconf 80' lang='lat' dir='ltr'><strong>urna</strong></span> <span class='ocrx_word' id='word_1_264' title='bbox 384 2504 491 2573; x_wconf 80' lang='lat' dir='ltr'><strong>bennit,</strong></span> <span class='ocrx_word' id='word_1_265' title='bbox 509 2504 670 2576; x_wconf 72' lang='lat' dir='ltr'><strong>pinguisque</strong></span> <span class='ocrx_word' id='word_1_266' title='bbox 687 2507 835 2564; x_wconf 86' lang='lat' dir='ltr'><strong>etiamnum</strong></span> <span class='ocrx_word' id='word_1_267' title='bbox 853 2508 983 2576; x_wconf 78' lang='lat' dir='ltr'><strong>sanguine</strong></span> 
     </span>
     <span class='ocr_line' id='line_1_41' title="bbox 850 2597 948 2672; baseline -0.01 -18"><span class='ocrx_word' id='word_1_268' title='bbox 850 2597 948 2672; x_wconf 89' lang='lat' dir='ltr'><strong>[lertur</strong></span> 
     </span>
    </p>

    <p class='ocr_par' dir='ltr' id='par_1_18' title="bbox 194 2691 862 2764">
     <span class='ocr_line' id='line_1_42' title="bbox 194 2691 862 2764; baseline -0.001 -14"><span class='ocrx_word' id='word_1_269' title='bbox 194 2691 300 2764; x_wconf 81' lang='lat' dir='ltr'><strong>berica,</strong></span> <span class='ocrx_word' id='word_1_270' title='bbox 315 2693 428 2751; x_wconf 77' lang='lat' dir='ltr'><strong>obtusus</strong></span> <span class='ocrx_word' id='word_1_271' title='bbox 442 2706 491 2763; x_wconf 78' lang='lat' dir='ltr'><strong>uer</strong></span> <span class='ocrx_word' id='word_1_272' title='bbox 500 2691 617 2749; x_wconf 81' lang='lat' dir='ltr'><strong>barberu</strong></span> <span class='ocrx_word' id='word_1_273' title='bbox 631 2694 742 2749; x_wconf 80' lang='lat' dir='ltr'><strong>uulnera</strong></span> <span class='ocrx_word' id='word_1_274' title='bbox 756 2699 862 2761; x_wconf 83' lang='lat' dir='ltr'><strong>contos,</strong></span> 
     </span>
    </p>

    <p class='ocr_par' dir='ltr' id='par_1_19' title="bbox 194 2784 842 2856">
     <span class='ocr_line' id='line_1_43' title="bbox 194 2784 842 2856; baseline -0.011 -11"><span class='ocrx_word' id='word_1_275' title='bbox 194 2787 283 2856; x_wconf 73' lang='lat' dir='ltr'><strong>Aterno</strong></span> <span class='ocrx_word' id='word_1_276' title='bbox 296 2786 346 2843; x_wconf 79' lang='lat' dir='ltr'><strong>tub</strong></span> <span class='ocrx_word' id='word_1_277' title='bbox 357 2784 476 2843; x_wconf 85' lang='lat' dir='ltr'><strong>assiduis</strong></span> <span class='ocrx_word' id='word_1_278' title='bbox 489 2785 615 2841; x_wconf 82' lang='lat' dir='ltr'><strong>deutauu</strong></span> <span class='ocrx_word' id='word_1_279' title='bbox 628 2785 747 2841; x_wconf 81' lang='lat' dir='ltr'><strong>caedibus</strong></span> <span class='ocrx_word' id='word_1_280' title='bbox 757 2786 842 2841; x_wconf 85' lang='lat' dir='ltr'><strong>cusis.</strong></span> 
     </span>
    </p>

    <p class='ocr_par' dir='ltr' id='par_1_20' title="bbox 192 2875 803 2946">
     <span class='ocr_line' id='line_1_44' title="bbox 192 2875 803 2946; baseline -0.011 -9"><span class='ocrx_word' id='word_1_281' title='bbox 192 2875 394 2939; x_wconf 75' lang='lat' dir='ltr'><strong>louudbsures</strong></span> <span class='ocrx_word' id='word_1_282' title='bbox 402 2876 500 2946; x_wconf 75' lang='lat' dir='ltr'><strong>curu,</strong></span> <span class='ocrx_word' id='word_1_283' title='bbox 512 2877 648 2946; x_wconf 71' lang='lat' dir='ltr'><strong>meldone</strong></span> <span class='ocrx_word' id='word_1_284' title='bbox 659 2877 803 2931; x_wconf 77' lang='lat' dir='ltr'><strong>nicenum</strong></span> 
     </span>
    </p>

    <p class='ocr_par' dir='ltr' id='par_1_21' title="bbox 195 2966 843 3040">
     <span class='ocr_line' id='line_1_45' title="bbox 195 2966 843 3040; baseline -0.012 -11"><span class='ocrx_word' id='word_1_285' title='bbox 195 2967 310 3040; x_wconf 75' lang='lat' dir='ltr'><strong>imponit</strong></span> <span class='ocrx_word' id='word_1_286' title='bbox 323 2968 437 3040; x_wconf 68' lang='lat' dir='ltr'><strong>estem,</strong></span> <span class='ocrx_word' id='word_1_287' title='bbox 453 2967 541 3023; x_wconf 83' lang='lat' dir='ltr'><strong>lulius</strong></span> <span class='ocrx_word' id='word_1_288' title='bbox 555 2967 598 3023; x_wconf 87' lang='lat' dir='ltr'><strong>cui</strong></span> <span class='ocrx_word' id='word_1_289' title='bbox 612 2967 709 3023; x_wconf 86' lang='lat' dir='ltr'><strong>crescit</strong></span> <span class='ocrx_word' id='word_1_290' title='bbox 722 2966 748 3021; x_wconf 88' lang='lat' dir='ltr'><strong>iu</strong></span> <span class='ocrx_word' id='word_1_291' title='bbox 760 2967 843 3022; x_wconf 87' lang='lat' dir='ltr'><strong>altum</strong></span> 
     </span>
    </p>

    <p class='ocr_par' dir='ltr' id='par_1_22' title="bbox 195 3057 822 3131">
     <span class='ocr_line' id='line_1_46' title="bbox 195 3057 822 3131; baseline -0.008 -15"><span class='ocrx_word' id='word_1_292' title='bbox 195 3059 297 3131; x_wconf 75' lang='grc' dir='ltr'>ὓοιιιιε,</span> <span class='ocrx_word' id='word_1_293' title='bbox 310 3069 338 3117; x_wconf 85' lang='lat' dir='ltr'><strong>et</strong></span> <span class='ocrx_word' id='word_1_294' title='bbox 351 3060 447 3125; x_wconf 75' lang='lat' dir='ltr'><strong>butam</strong></span> <span class='ocrx_word' id='word_1_295' title='bbox 457 3057 592 3128; x_wconf 78' lang='lat' dir='ltr'><strong>jacdanr</strong></span> <span class='ocrx_word' id='word_1_296' title='bbox 607 3057 709 3115; x_wconf 72' lang='lat' dir='ltr'><strong>uertice</strong></span> <span class='ocrx_word' id='word_1_297' title='bbox 723 3057 822 3113; x_wconf 87' lang='lat' dir='ltr'><strong>luoern.</strong></span> 
     </span>
    </p>
   </div>
   <div class='ocr_carea' id='block_1_8' title="bbox 1034 1851 1707 1925">
    <p class='ocr_par' dir='ltr' id='par_1_23' title="bbox 1034 1851 1707 1925">
     <span class='ocr_line' id='line_1_47' title="bbox 1034 1851 1707 1925; baseline 0.019 -18"><span class='ocrx_word' id='word_1_298' title='bbox 1034 1851 1146 1909; x_wconf 83' lang='lat' dir='ltr'><strong>iliridua</strong></span> <span class='ocrx_word' id='word_1_299' title='bbox 1158 1854 1303 1923; x_wconf 75' lang='lat' dir='ltr'><strong>ancipitem</strong></span> <span class='ocrx_word' id='word_1_300' title='bbox 1316 1865 1475 1925; x_wconf 76' lang='lat' dir='ltr'><strong>carpserunt</strong></span> <span class='ocrx_word' id='word_1_301' title='bbox 1490 1858 1600 1915; x_wconf 81' lang='lat' dir='ltr'><strong>volnera</strong></span> <span class='ocrx_word' id='word_1_302' title='bbox 1615 1862 1707 1920; x_wconf 85' lang='lat' dir='ltr'><strong>ritum.</strong></span> 
     </span>
    </p>
   </div>
   <div class='ocr_carea' id='block_1_9' title="bbox 1033 1944 1757 2113">
    <p class='ocr_par' dir='ltr' id='par_1_24' title="bbox 1033 1944 1757 2113">
     <span class='ocr_line' id='line_1_48' title="bbox 1069 1944 1757 2027; baseline 0.022 -30"><span class='ocrx_word' id='word_1_303' title='bbox 1069 1944 1131 1999; x_wconf 89' lang='lat' dir='ltr'><strong>llaec</strong></span> <span class='ocrx_word' id='word_1_304' title='bbox 1146 1952 1207 2015; x_wconf 77' lang='lat' dir='ltr'><strong>post</strong></span> <span class='ocrx_word' id='word_1_305' title='bbox 1219 1956 1293 2014; x_wconf 74' lang='lat' dir='ltr'><strong>gesta</strong></span> <span class='ocrx_word' id='word_1_306' title='bbox 1309 1946 1375 2013; x_wconf 87' lang='lat' dir='ltr'><strong>riri,</strong></span> <span class='ocrx_word' id='word_1_307' title='bbox 1390 1955 1473 2003; x_wconf 89' lang='lat' dir='ltr'><strong>temet</strong></span> <span class='ocrx_word' id='word_1_308' title='bbox 1488 1950 1554 2023; x_wconf 80' lang='lat' dir='ltr'><strong>Styx</strong></span> <span class='ocrx_word' id='word_1_309' title='bbox 1567 1952 1647 2009; x_wconf 85' lang='lat' dir='ltr'><strong>livide</strong></span> <span class='ocrx_word' id='word_1_310' title='bbox 1663 1963 1757 2027; x_wconf 85' lang='lat' dir='ltr'><strong>testor,</strong></span> 
     </span>
     <span class='ocr_line' id='line_1_49' title="bbox 1033 2034 1677 2113; baseline 0.012 -22"><span class='ocrx_word' id='word_1_311' title='bbox 1033 2036 1193 2093; x_wconf 74' lang='lat' dir='ltr'><strong>intemerata</strong></span> <span class='ocrx_word' id='word_1_312' title='bbox 1209 2037 1275 2092; x_wconf 91' lang='lat' dir='ltr'><strong>mibi</strong></span> <span class='ocrx_word' id='word_1_313' title='bbox 1286 2034 1304 2089; x_wconf 70' lang='lat' dir='ltr'><strong>‚d</strong></span> <span class='ocrx_word' id='word_1_314' title='bbox 1318 2037 1462 2106; x_wconf 82' lang='lat' dir='ltr'><strong>preelectus</strong></span> <span class='ocrx_word' id='word_1_315' title='bbox 1473 2039 1533 2110; x_wconf 88' lang='lat' dir='ltr'><strong>jura</strong></span> <span class='ocrx_word' id='word_1_316' title='bbox 1548 2043 1656 2113; x_wconf 76' lang='lat' dir='ltr'><strong>regebat</strong></span> <span class='ocrx_word' id='word_1_317' title='bbox 1671 2063 1677 2098; x_wconf 92' lang='lat'>:</span> 
     </span>
    </p>
   </div>
   <div class='ocr_carea' id='block_1_10' title="bbox 1032 2125 1669 2198">
    <p class='ocr_par' dir='ltr' id='par_1_25' title="bbox 1032 2125 1669 2198">
     <span class='ocr_line' id='line_1_50' title="bbox 1032 2125 1669 2198; baseline 0.014 -17"><span class='ocrx_word' id='word_1_318' title='bbox 1032 2125 1068 2182; x_wconf 85' lang='lat' dir='ltr'><strong>Et</strong></span> <span class='ocrx_word' id='word_1_319' title='bbox 1080 2136 1161 2198; x_wconf 82' lang='lat' dir='ltr'><strong>caput</strong></span> <span class='ocrx_word' id='word_1_320' title='bbox 1175 2127 1227 2184; x_wconf 91' lang='lat' dir='ltr'><strong>boc</strong></span> <span class='ocrx_word' id='word_1_321' title='bbox 1241 2128 1350 2184; x_wconf 87' lang='lat' dir='ltr'><strong>sibimet</strong></span> <span class='ocrx_word' id='word_1_322' title='bbox 1362 2128 1449 2184; x_wconf 90' lang='lat' dir='ltr'><strong>solitis</strong></span> <span class='ocrx_word' id='word_1_323' title='bbox 1464 2130 1568 2187; x_wconf 81' lang='lat' dir='ltr'><strong>delesse</strong></span> <span class='ocrx_word' id='word_1_324' title='bbox 1583 2133 1669 2191; x_wconf 90' lang='lat' dir='ltr'><strong>ruinis</strong></span> 
     </span>
    </p>
   </div>
   <div class='ocr_carea' id='block_1_11' title="bbox 1033 2219 1797 2754">
    <p class='ocr_par' dir='ltr' id='par_1_26' title="bbox 1034 2219 1640 2292">
     <span class='ocr_line' id='line_1_51' title="bbox 1034 2219 1640 2292; baseline 0.013 -18"><span class='ocrx_word' id='word_1_325' title='bbox 1034 2219 1120 2275; x_wconf 87' lang='lat' dir='ltr'><strong>Gallia</strong></span> <span class='ocrx_word' id='word_1_326' title='bbox 1133 2219 1291 2290; x_wconf 81' lang='lat' dir='ltr'><strong>suscipiens,</strong></span> <span class='ocrx_word' id='word_1_327' title='bbox 1308 2220 1400 2277; x_wconf 86' lang='lat' dir='ltr'><strong>Getica</strong></span> <span class='ocrx_word' id='word_1_328' title='bbox 1415 2222 1531 2292; x_wconf 79' lang='lat' dir='ltr'><strong>pallebat</strong></span> <span class='ocrx_word' id='word_1_329' title='bbox 1543 2225 1578 2281; x_wconf 90' lang='lat' dir='ltr'><strong>ab</strong></span> <span class='ocrx_word' id='word_1_330' title='bbox 1590 2226 1640 2282; x_wconf 87' lang='lat' dir='ltr'><strong>irs.</strong></span> 
     </span>
    </p>

    <p class='ocr_par' dir='ltr' id='par_1_27' title="bbox 1033 2310 1797 2476">
     <span class='ocr_line' id='line_1_52' title="bbox 1033 2310 1797 2393; baseline 0.018 -26"><span class='ocrx_word' id='word_1_331' title='bbox 1033 2310 1076 2367; x_wconf 87' lang='lat' dir='ltr'><strong>Nil</strong></span> <span class='ocrx_word' id='word_1_332' title='bbox 1091 2325 1182 2382; x_wconf 82' lang='lat' dir='ltr'><strong>prece,</strong></span> <span class='ocrx_word' id='word_1_333' title='bbox 1197 2312 1233 2367; x_wconf 88' lang='lat' dir='ltr'><strong>nil</strong></span> <span class='ocrx_word' id='word_1_334' title='bbox 1249 2313 1345 2383; x_wconf 79' lang='lat' dir='ltr'><strong>orello,</strong></span> <span class='ocrx_word' id='word_1_335' title='bbox 1361 2315 1399 2370; x_wconf 93' lang='lat' dir='ltr'><strong>nil</strong></span> <span class='ocrx_word' id='word_1_336' title='bbox 1415 2315 1499 2372; x_wconf 90' lang='lat' dir='ltr'><strong>milite</strong></span> <span class='ocrx_word' id='word_1_337' title='bbox 1514 2317 1612 2375; x_wconf 89' lang='lat' dir='ltr'><strong>lractus</strong></span> <span class='ocrx_word' id='word_1_338' title='bbox 1627 2320 1723 2393; x_wconf 67' lang='lat' dir='ltr'><strong>egebat</strong></span> <span class='ocrx_word' id='word_1_339' title='bbox 1792 2316 1797 2325; x_wconf 61' lang='lat'><strong>⁴</strong></span> 
     </span>
     <span class='ocr_line' id='line_1_53' title="bbox 1034 2401 1637 2476; baseline 0.012 -18"><span class='ocrx_word' id='word_1_340' title='bbox 1034 2401 1142 2469; x_wconf 78' lang='lat' dir='ltr'><strong>Aelius3</strong></span> <span class='ocrx_word' id='word_1_341' title='bbox 1156 2412 1236 2473; x_wconf 81' lang='lat' dir='ltr'><strong>cauto</strong></span> <span class='ocrx_word' id='word_1_342' title='bbox 1251 2411 1382 2460; x_wconf 87' lang='lat' dir='ltr'><strong>terrarum</strong></span> <span class='ocrx_word' id='word_1_343' title='bbox 1397 2404 1494 2462; x_wconf 88' lang='lat' dir='ltr'><strong>damna</strong></span> <span class='ocrx_word' id='word_1_344' title='bbox 1510 2410 1637 2476; x_wconf 78' lang='lat' dir='ltr'><strong>putebant</strong></span> 
     </span>
    </p>

    <p class='ocr_par' dir='ltr' id='par_1_28' title="bbox 1034 2493 1775 2661">
     <span class='ocr_line' id='line_1_54' title="bbox 1034 2493 1775 2570; baseline 0.018 -21"><span class='ocrx_word' id='word_1_345' title='bbox 1034 2493 1154 2561; x_wconf 79' lang='lat' dir='ltr'><strong>biturio,</strong></span> <span class='ocrx_word' id='word_1_346' title='bbox 1168 2495 1196 2550; x_wconf 90' lang='grc' dir='ltr'><strong>ιιι</strong></span> <span class='ocrx_word' id='word_1_347' title='bbox 1212 2494 1389 2565; x_wconf 83' lang='lat' dir='ltr'><strong>Rhodanum,</strong></span> <span class='ocrx_word' id='word_1_348' title='bbox 1405 2499 1529 2569; x_wconf 84' lang='lat' dir='ltr'><strong>proprios</strong></span> <span class='ocrx_word' id='word_1_349' title='bbox 1544 2500 1692 2570; x_wconf 81' lang='lat' dir='ltr'><strong>producere</strong></span> <span class='ocrx_word' id='word_1_350' title='bbox 1706 2505 1775 2569; x_wconf 88' lang='lat' dir='ltr'><strong>lines</strong></span> 
     </span>
     <span class='ocr_line' id='line_1_55' title="bbox 1035 2583 1727 2661; baseline 0.016 -21"><span class='ocrx_word' id='word_1_351' title='bbox 1035 2583 1211 2642; x_wconf 82' lang='lat' dir='ltr'><strong>&#39;l&#39;beudoridee</strong></span> <span class='ocrx_word' id='word_1_352' title='bbox 1226 2586 1323 2653; x_wconf 81' lang='lat' dir='ltr'><strong>lixum,</strong></span> <span class='ocrx_word' id='word_1_353' title='bbox 1339 2597 1461 2643; x_wconf 89' lang='lat' dir='ltr'><strong>necerat</strong></span> <span class='ocrx_word' id='word_1_354' title='bbox 1476 2604 1593 2659; x_wconf 75' lang='lat' dir='ltr'><strong>pugnare</strong></span> <span class='ocrx_word' id='word_1_355' title='bbox 1606 2608 1727 2661; x_wconf 84' lang='lat' dir='ltr'><strong>necesse,</strong></span> 
     </span>
    </p>

    <p class='ocr_par' dir='ltr' id='par_1_29' title="bbox 1035 2679 1753 2754">
     <span class='ocr_line' id='line_1_56' title="bbox 1035 2679 1753 2754; baseline 0.011 -18"><span class='ocrx_word' id='word_1_356' title='bbox 1035 2679 1088 2736; x_wconf 86' lang='lat' dir='ltr'><strong>Sed</strong></span> <span class='ocrx_word' id='word_1_357' title='bbox 1105 2680 1221 2751; x_wconf 75' lang='lat' dir='ltr'><strong>migrare</strong></span> <span class='ocrx_word' id='word_1_358' title='bbox 1233 2680 1324 2747; x_wconf 78' lang='lat' dir='ltr'><strong>Gelis3</strong></span> <span class='ocrx_word' id='word_1_359' title='bbox 1343 2681 1464 2738; x_wconf 88' lang='lat' dir='ltr'><strong>rabidam</strong></span> <span class='ocrx_word' id='word_1_360' title='bbox 1480 2690 1542 2738; x_wconf 88' lang='lat' dir='ltr'><strong>trux</strong></span> <span class='ocrx_word' id='word_1_361' title='bbox 1558 2695 1666 2754; x_wconf 79' lang='lat' dir='ltr'><strong>asperat</strong></span> <span class='ocrx_word' id='word_1_362' title='bbox 1683 2689 1753 2744; x_wconf 86' lang='lat' dir='ltr'><strong>irum</strong></span> 
     </span>
    </p>
   </div>
   <div class='ocr_carea' id='block_1_12' title="bbox 1035 2769 1820 3035">
    <p class='ocr_par' dir='ltr' id='par_1_30' title="bbox 1035 2769 1820 3035">
     <span class='ocr_line' id='line_1_57' title="bbox 1037 2769 1819 2855; baseline 0.018 -29"><span class='ocrx_word' id='word_1_363' title='bbox 1037 2769 1136 2839; x_wconf 81' lang='lat' dir='ltr'><strong>Victor,</strong></span> <span class='ocrx_word' id='word_1_364' title='bbox 1152 2772 1223 2841; x_wconf 81' lang='lat' dir='ltr'><strong>quod</strong></span> <span class='ocrx_word' id='word_1_365' title='bbox 1236 2773 1321 2830; x_wconf 87' lang='lat' dir='ltr'><strong>sensit</strong></span> <span class='ocrx_word' id='word_1_366' title='bbox 1332 2773 1486 2846; x_wconf 84' lang='lat' dir='ltr'><strong>Scytbicum</strong></span> <span class='ocrx_word' id='word_1_367' title='bbox 1500 2790 1549 2845; x_wconf 82' lang='lat' dir='ltr'><strong>pro</strong></span> <span class='ocrx_word' id='word_1_368' title='bbox 1564 2780 1698 2836; x_wconf 72' lang='lat' dir='ltr'><strong>moenibus</strong></span> <span class='ocrx_word' id='word_1_369' title='bbox 1708 2780 1819 2855; x_wconf 75' lang='lat' dir='ltr'><strong>bostem,</strong></span> 
     </span>
     <span class='ocr_line' id='line_1_58' title="bbox 1035 2858 1775 2951; baseline 0.014 -34"><span class='ocrx_word' id='word_1_370' title='bbox 1035 2858 1168 2951; x_wconf 75' lang='lat' dir='ltr'><strong>imputat,</strong></span> <span class='ocrx_word' id='word_1_371' title='bbox 1182 2869 1212 2918; x_wconf 89' lang='lat' dir='ltr'><strong>et</strong></span> <span class='ocrx_word' id='word_1_372' title='bbox 1225 2861 1293 2916; x_wconf 89' lang='lat' dir='ltr'><strong>nihil</strong></span> <span class='ocrx_word' id='word_1_373' title='bbox 1307 2874 1349 2919; x_wconf 88' lang='lat' dir='ltr'><strong>est</strong></span> <span class='ocrx_word' id='word_1_374' title='bbox 1363 2864 1479 2932; x_wconf 74' lang='lat' dir='ltr'><strong>gravius,</strong></span> <span class='ocrx_word' id='word_1_375' title='bbox 1494 2865 1517 2920; x_wconf 93' lang='lat' dir='ltr'><strong>si</strong></span> <span class='ocrx_word' id='word_1_376' title='bbox 1532 2866 1642 2923; x_wconf 86' lang='lat' dir='ltr'><strong>lorsitan</strong></span> <span class='ocrx_word' id='word_1_377' title='bbox 1659 2885 1775 2939; x_wconf 82' lang='lat' dir='ltr'><strong>uuquam</strong></span> 
     </span>
     <span class='ocr_line' id='line_1_59' title="bbox 1037 2951 1820 3035; baseline 0.019 -30"><span class='ocrx_word' id='word_1_378' title='bbox 1037 2951 1152 3009; x_wconf 87' lang='lat' dir='ltr'><strong>llioooro</strong></span> <span class='ocrx_word' id='word_1_379' title='bbox 1165 2951 1318 3022; x_wconf 72' lang='lat' dir='ltr'><strong>contingat,</strong></span> <span class='ocrx_word' id='word_1_380' title='bbox 1334 2953 1450 3025; x_wconf 80' lang='lat' dir='ltr'><strong>trepido.</strong></span> <span class='ocrx_word' id='word_1_381' title='bbox 1467 2954 1611 3027; x_wconf 86' lang='lat' dir='ltr'><strong>Postquam</strong></span> <span class='ocrx_word' id='word_1_382' title='bbox 1631 2958 1746 3035; x_wconf 86' lang='lat' dir='ltr'><strong>undique</strong></span> <span class='ocrx_word' id='word_1_383' title='bbox 1765 2964 1820 3021; x_wconf 85' lang='lat' dir='ltr'><strong>nul-</strong></span> 
     </span>
    </p>
   </div>
   <div class='ocr_carea' id='block_1_13' title="bbox 1717 3044 1782 3129">
    <p class='ocr_par' dir='ltr' id='par_1_31' title="bbox 1717 3044 1782 3129">
     <span class='ocr_line' id='line_1_60' title="bbox 1717 3044 1782 3129; baseline 0 0"><span class='ocrx_word' id='word_1_384' title='bbox 1717 3044 1782 3129; x_wconf 80' lang='lat' dir='ltr'><strong>[ton</strong></span> 
     </span>
    </p>
   </div>
   <div class='ocr_carea' id='block_1_14' title="bbox 195 3116 1823 3221">
    <p class='ocr_par' dir='ltr' id='par_1_32' title="bbox 195 3116 1823 3221">
     <span class='ocr_line' id='line_1_61' title="bbox 195 3116 1823 3221; baseline 0.012 -33"><span class='ocrx_word' id='word_1_385' title='bbox 195 3147 232 3206; x_wconf 75' lang='lat' dir='ltr'><strong>Et</strong></span> <span class='ocrx_word' id='word_1_386' title='bbox 243 3151 299 3219; x_wconf 57' lang='lat' dir='ltr'><strong>jam</strong></span> <span class='ocrx_word' id='word_1_387' title='bbox 309 3148 413 3207; x_wconf 55' lang='lat' dir='ltr'><strong>mure</strong></span> <span class='ocrx_word' id='word_1_388' title='bbox 425 3164 535 3220; x_wconf 46' lang='lat' dir='ltr'><strong>Quum,</strong></span> <span class='ocrx_word' id='word_1_389' title='bbox 548 3148 685 3219; x_wconf 74' lang='lat' dir='ltr'><strong>nouisque</strong></span> <span class='ocrx_word' id='word_1_390' title='bbox 696 3163 713 3204; x_wconf 48' lang='grc' dir='ltr'><strong>ῃ</strong></span> <span class='ocrx_word' id='word_1_391' title='bbox 725 3147 837 3205; x_wconf 58' lang='lat' dir='ltr'><strong>mmm</strong></span> <span class='ocrx_word' id='word_1_392' title='bbox 848 3148 933 3219; x_wconf 66' lang='lat' dir='ltr'><strong>pom.</strong></span> <span class='ocrx_word' id='word_1_393' title='bbox 991 3135 1021 3200; x_wconf 82' lang='lat' dir='ltr'><strong>&#39;c</strong></span> <span class='ocrx_word' id='word_1_394' title='bbox 1037 3116 1208 3203; x_wconf 77' lang='lat' dir='ltr'><strong>Praesidium,</strong></span> <span class='ocrx_word' id='word_1_395' title='bbox 1223 3137 1389 3210; x_wconf 81' lang='lat' dir='ltr'><strong>ducibusque</strong></span> <span class='ocrx_word' id='word_1_396' title='bbox 1399 3140 1453 3196; x_wconf 89' lang='lat' dir='ltr'><strong>tuis</strong></span> <span class='ocrx_word' id='word_1_397' title='bbox 1465 3140 1514 3210; x_wconf 86' lang='lat' dir='ltr'><strong>nil,</strong></span> <span class='ocrx_word' id='word_1_398' title='bbox 1527 3140 1623 3210; x_wconf 83' lang='lat' dir='ltr'><strong>Roma,</strong></span> <span class='ocrx_word' id='word_1_399' title='bbox 1635 3147 1759 3204; x_wconf 88' lang='lat' dir='ltr'><strong>relietum</strong></span> <span class='ocrx_word' id='word_1_400' title='bbox 1768 3160 1823 3221; x_wconf 75' lang='lat' dir='ltr'><strong>eet,</strong></span> 
     </span>
    </p>
   </div>
   <div class='ocr_carea' id='block_1_15' title="bbox 194 3238 988 4143">
    <p class='ocr_par' dir='ltr' id='par_1_33' title="bbox 197 3238 844 3309">
     <span class='ocr_line' id='line_1_62' title="bbox 197 3238 844 3309; baseline 0 -14"><span class='ocrx_word' id='word_1_401' title='bbox 197 3240 319 3307; x_wconf 78' lang='lat' dir='ltr'><strong>Emicat3</strong></span> <span class='ocrx_word' id='word_1_402' title='bbox 330 3241 458 3299; x_wconf 83' lang='lat' dir='ltr'><strong>assistunt</strong></span> <span class='ocrx_word' id='word_1_403' title='bbox 470 3239 545 3301; x_wconf 76' lang='lat' dir='ltr'><strong>sotio</strong></span> <span class='ocrx_word' id='word_1_404' title='bbox 558 3240 695 3309; x_wconf 80' lang='lat' dir='ltr'><strong>uirtusque</strong></span> <span class='ocrx_word' id='word_1_405' title='bbox 704 3238 844 3308; x_wconf 78' lang='lat' dir='ltr'><strong>dolorque,</strong></span> 
     </span>
    </p>

    <p class='ocr_par' dir='ltr' id='par_1_34' title="bbox 194 3332 985 3587">
     <span class='ocr_line' id='line_1_63' title="bbox 195 3332 833 3405; baseline -0.006 -14"><span class='ocrx_word' id='word_1_406' title='bbox 195 3333 234 3391; x_wconf 84' lang='lat' dir='ltr'><strong>lit</strong></span> <span class='ocrx_word' id='word_1_407' title='bbox 246 3332 351 3403; x_wconf 83' lang='lat' dir='ltr'><strong>uudor;</strong></span> <span class='ocrx_word' id='word_1_408' title='bbox 363 3341 478 3390; x_wconf 85' lang='lat' dir='ltr'><strong>armatas</strong></span> <span class='ocrx_word' id='word_1_409' title='bbox 490 3332 546 3405; x_wconf 78' lang='lat' dir='ltr'><strong>uilo</strong></span> <span class='ocrx_word' id='word_1_410' title='bbox 561 3332 629 3403; x_wconf 79' lang='lat' dir='ltr'><strong>uerit</strong></span> <span class='ocrx_word' id='word_1_411' title='bbox 640 3332 754 3403; x_wconf 71' lang='lat' dir='ltr'><strong>iruuiesr</strong></span> <span class='ocrx_word' id='word_1_412' title='bbox 767 3332 833 3397; x_wconf 83' lang='lat' dir='ltr'><strong>alas,</strong></span> 
     </span>
     <span class='ocr_line' id='line_1_64' title="bbox 194 3421 985 3497; baseline -0.005 -15"><span class='ocrx_word' id='word_1_413' title='bbox 194 3421 344 3497; x_wconf 68' lang='lat' dir='ltr'><strong>Pugnando</strong></span> <span class='ocrx_word' id='word_1_414' title='bbox 356 3438 470 3494; x_wconf 73' lang='lat' dir='ltr'><strong>pugnarn</strong></span> <span class='ocrx_word' id='word_1_415' title='bbox 485 3439 620 3494; x_wconf 80' lang='lat' dir='ltr'><strong>quaereus.</strong></span> <span class='ocrx_word' id='word_1_416' title='bbox 632 3422 811 3495; x_wconf 75' lang='lat' dir='ltr'><strong>uuridsmouo</strong></span> <span class='ocrx_word' id='word_1_417' title='bbox 822 3437 873 3493; x_wconf 76' lang='lat' dir='ltr'><strong>our</strong></span> <span class='ocrx_word' id='word_1_418' title='bbox 888 3436 985 3495; x_wconf 65' lang='lat' dir='ltr'><strong>semen</strong></span> 
     </span>
     <span class='ocr_line' id='line_1_65' title="bbox 197 3515 897 3587; baseline -0.001 -15"><span class='ocrx_word' id='word_1_419' title='bbox 197 3516 341 3573; x_wconf 87' lang='lat' dir='ltr'><strong>llultomm</strong></span> <span class='ocrx_word' id='word_1_420' title='bbox 351 3516 461 3572; x_wconf 89' lang='lat' dir='ltr'><strong>interitu</strong></span> <span class='ocrx_word' id='word_1_421' title='bbox 474 3524 642 3587; x_wconf 72' lang='lat' dir='ltr'><strong>compensat,</strong></span> <span class='ocrx_word' id='word_1_422' title='bbox 659 3515 731 3587; x_wconf 84' lang='lat' dir='ltr'><strong>quod</strong></span> <span class='ocrx_word' id='word_1_423' title='bbox 742 3515 806 3572; x_wconf 85' lang='lat' dir='ltr'><strong>latet</strong></span> <span class='ocrx_word' id='word_1_424' title='bbox 819 3530 897 3571; x_wconf 88' lang='lat' dir='ltr'><strong>unus.</strong></span> 
     </span>
    </p>

    <p class='ocr_par' dir='ltr' id='par_1_35' title="bbox 198 3608 953 3768">
     <span class='ocr_line' id='line_1_66' title="bbox 198 3608 953 3681; baseline -0.005 -14"><span class='ocrx_word' id='word_1_425' title='bbox 198 3609 244 3667; x_wconf 83' lang='lat' dir='ltr'><strong>Sic</strong></span> <span class='ocrx_word' id='word_1_426' title='bbox 258 3609 402 3681; x_wconf 73' lang='lat' dir='ltr'><strong>Phrygium</strong></span> <span class='ocrx_word' id='word_1_427' title='bbox 415 3608 550 3665; x_wconf 81' lang='lat' dir='ltr'><strong>AEmatbia</strong></span> <span class='ocrx_word' id='word_1_428' title='bbox 565 3608 694 3664; x_wconf 86' lang='lat' dir='ltr'><strong>victorem</strong></span> <span class='ocrx_word' id='word_1_429' title='bbox 710 3608 819 3679; x_wconf 83' lang='lat' dir='ltr'><strong>cuspide</strong></span> <span class='ocrx_word' id='word_1_430' title='bbox 837 3614 953 3679; x_wconf 82' lang='lat' dir='ltr'><strong>pouceos</strong></span> 
     </span>
     <span class='ocr_line' id='line_1_67' title="bbox 199 3699 764 3768; baseline -0.007 -10"><span class='ocrx_word' id='word_1_431' title='bbox 199 3699 335 3768; x_wconf 60' lang='lat' dir='ltr'><strong>AEucides</strong></span> <span class='ocrx_word' id='word_1_432' title='bbox 346 3714 418 3757; x_wconf 80' lang='lat' dir='ltr'><strong>caso</strong></span> <span class='ocrx_word' id='word_1_433' title='bbox 428 3699 528 3756; x_wconf 90' lang='lat' dir='ltr'><strong>luctum</strong></span> <span class='ocrx_word' id='word_1_434' title='bbox 541 3699 654 3755; x_wconf 86' lang='lat' dir='ltr'><strong>lreuurir</strong></span> <span class='ocrx_word' id='word_1_435' title='bbox 668 3700 764 3764; x_wconf 80' lang='lat' dir='ltr'><strong>urbico,</strong></span> 
     </span>
    </p>

    <p class='ocr_par' dir='ltr' id='par_1_36' title="bbox 199 3789 856 3861">
     <span class='ocr_line' id='line_1_68' title="bbox 199 3789 856 3861; baseline -0.011 -10"><span class='ocrx_word' id='word_1_436' title='bbox 199 3792 251 3851; x_wconf 88' lang='lat' dir='ltr'><strong>Per</strong></span> <span class='ocrx_word' id='word_1_437' title='bbox 262 3801 363 3850; x_wconf 85' lang='lat' dir='ltr'><strong>mortes</strong></span> <span class='ocrx_word' id='word_1_438' title='bbox 373 3800 422 3858; x_wconf 83' lang='lat' dir='ltr'><strong>tot,</strong></span> <span class='ocrx_word' id='word_1_439' title='bbox 436 3791 528 3861; x_wconf 77' lang='lat' dir='ltr'><strong>Troia,</strong></span> <span class='ocrx_word' id='word_1_440' title='bbox 545 3800 615 3858; x_wconf 85' lang='lat' dir='ltr'><strong>tuas,</strong></span> <span class='ocrx_word' id='word_1_441' title='bbox 626 3789 681 3859; x_wconf 80' lang='lat' dir='ltr'><strong>jum</strong></span> <span class='ocrx_word' id='word_1_442' title='bbox 697 3789 757 3844; x_wconf 82' lang='lat' dir='ltr'><strong>uilia</strong></span> <span class='ocrx_word' id='word_1_443' title='bbox 770 3803 817 3859; x_wconf 81' lang='lat' dir='ltr'><strong>per</strong></span> <span class='ocrx_word' id='word_1_444' title='bbox 826 3801 856 3844; x_wconf 88' lang='lat' dir='ltr'><strong>se</strong></span> 
     </span>
    </p>

    <p class='ocr_par' dir='ltr' id='par_1_37' title="bbox 201 3881 988 4143">
     <span class='ocr_line' id='line_1_69' title="bbox 201 3881 938 3958; baseline -0.012 -12"><span class='ocrx_word' id='word_1_445' title='bbox 201 3886 313 3958; x_wconf 67' lang='lat' dir='ltr'><strong>demina</strong></span> <span class='ocrx_word' id='word_1_446' title='bbox 322 3893 467 3942; x_wconf 86' lang='lat' dir='ltr'><strong>contentus</strong></span> <span class='ocrx_word' id='word_1_447' title='bbox 481 3883 756 3955; x_wconf 62' lang='lat' dir='ltr'><strong>coemeteriumque</strong></span> <span class='ocrx_word' id='word_1_448' title='bbox 770 3897 819 3953; x_wconf 79' lang='lat' dir='ltr'><strong>uer</strong></span> <span class='ocrx_word' id='word_1_449' title='bbox 834 3881 938 3952; x_wconf 77' lang='lat' dir='ltr'><strong>amplos</strong></span> 
     </span>
     <span class='ocr_line' id='line_1_70' title="bbox 201 3974 898 4053; baseline -0.007 -19"><span class='ocrx_word' id='word_1_450' title='bbox 201 3978 336 4035; x_wconf 74' lang='lat' dir='ltr'><strong>Exserere</strong></span> <span class='ocrx_word' id='word_1_451' title='bbox 348 3976 465 4053; x_wconf 66' lang='lat' dir='ltr'><strong>eludium</strong></span> <span class='ocrx_word' id='word_1_452' title='bbox 478 3977 589 4047; x_wconf 82' lang='lat' dir='ltr'><strong>populos</strong></span> <span class='ocrx_word' id='word_1_453' title='bbox 602 3992 609 4029; x_wconf 91' lang='lat'>:</span> <span class='ocrx_word' id='word_1_454' title='bbox 624 3985 699 4031; x_wconf 85' lang='lat' dir='ltr'><strong>nutat</strong></span> <span class='ocrx_word' id='word_1_455' title='bbox 711 3975 807 4032; x_wconf 85' lang='lat' dir='ltr'><strong>obruta</strong></span> <span class='ocrx_word' id='word_1_456' title='bbox 820 3974 898 4031; x_wconf 90' lang='lat' dir='ltr'><strong>lellus</strong></span> 
     </span>
     <span class='ocr_line' id='line_1_71' title="bbox 201 4064 988 4143; baseline -0.003 -15"><span class='ocrx_word' id='word_1_457' title='bbox 201 4064 347 4143; x_wconf 75' lang='lat' dir='ltr'><strong>Surguiue.</strong></span> <span class='ocrx_word' id='word_1_458' title='bbox 362 4069 480 4142; x_wconf 85' lang='lat' dir='ltr'><strong>dumque</strong></span> <span class='ocrx_word' id='word_1_459' title='bbox 494 4068 602 4126; x_wconf 84' lang='lat' dir='ltr'><strong>hebetat</strong></span> <span class='ocrx_word' id='word_1_460' title='bbox 615 4066 988 4139; x_wconf 74' lang='lat' dir='ltr'><strong>turbaurareocduatelusr.</strong></span> 
     </span>
    </p>
   </div>
   <div class='ocr_carea' id='block_1_16' title="bbox 195 4204 985 4299">
    <p class='ocr_par' dir='ltr' id='par_1_38' title="bbox 195 4204 985 4299">
     <span class='ocr_line' id='line_1_72' title="bbox 195 4204 985 4299; baseline -0.011 -12"><span class='ocrx_word' id='word_1_461' title='bbox 195 4204 199 4217; x_wconf 48' lang='lat'><strong><em>⁵</em></strong></span> <span class='ocrx_word' id='word_1_462' title='bbox 237 4226 478 4299; x_wconf 68' lang='lat' dir='ltr'><strong>¹liureuudionico</strong></span> <span class='ocrx_word' id='word_1_463' title='bbox 488 4225 560 4282; x_wconf 92' lang='lat' dir='ltr'><strong>bello</strong></span> <span class='ocrx_word' id='word_1_464' title='bbox 572 4226 702 4284; x_wconf 88' lang='lat' dir='ltr'><strong>suecessit</strong></span> <span class='ocrx_word' id='word_1_465' title='bbox 713 4224 853 4282; x_wconf 81' lang='lat' dir='ltr'><strong>Gothicum</strong></span> <span class='ocrx_word' id='word_1_466' title='bbox 864 4225 985 4290; x_wconf 81' lang='lat' dir='ltr'><strong>ultorum,</strong></span> 
     </span>
    </p>
   </div>
   <div class='ocr_carea' id='block_1_17' title="bbox 1038 3227 1827 4136">
    <p class='ocr_par' dir='ltr' id='par_1_39' title="bbox 1038 3227 1827 3775">
     <span class='ocr_line' id='line_1_73' title="bbox 1038 3227 1755 3310; baseline 0.017 -26"><span class='ocrx_word' id='word_1_467' title='bbox 1038 3228 1147 3297; x_wconf 81' lang='lat' dir='ltr'><strong>Poedus.</strong></span> <span class='ocrx_word' id='word_1_468' title='bbox 1162 3227 1251 3300; x_wconf 76' lang='lat' dir='ltr'><strong>deire,</strong></span> <span class='ocrx_word' id='word_1_469' title='bbox 1267 3244 1364 3296; x_wconf 82' lang='lat' dir='ltr'><strong>nores3</strong></span> <span class='ocrx_word' id='word_1_470' title='bbox 1380 3243 1480 3288; x_wconf 73' lang='lat' dir='ltr'><strong>surum</strong></span> <span class='ocrx_word' id='word_1_471' title='bbox 1495 3242 1539 3289; x_wconf 88' lang='lat' dir='ltr'><strong>tua</strong></span> <span class='ocrx_word' id='word_1_472' title='bbox 1554 3234 1650 3307; x_wconf 72' lang='lat' dir='ltr'><strong>pagine</strong></span> <span class='ocrx_word' id='word_1_473' title='bbox 1663 3253 1755 3310; x_wconf 75' lang='lat' dir='ltr'><strong>regem</strong></span> 
     </span>
     <span class='ocr_line' id='line_1_74' title="bbox 1038 3322 1806 3403; baseline 0.016 -23"><span class='ocrx_word' id='word_1_474' title='bbox 1038 3322 1119 3380; x_wconf 87' lang='lat' dir='ltr'><strong>Lecta</strong></span> <span class='ocrx_word' id='word_1_475' title='bbox 1133 3323 1241 3390; x_wconf 66' lang='lat' dir='ltr'><strong>domam</strong></span> <span class='ocrx_word' id='word_1_476' title='bbox 1255 3324 1369 3394; x_wconf 88' lang='lat' dir='ltr'><strong>jussisse</strong></span> <span class='ocrx_word' id='word_1_477' title='bbox 1381 3332 1424 3381; x_wconf 91' lang='lat' dir='ltr'><strong>sat</strong></span> <span class='ocrx_word' id='word_1_478' title='bbox 1437 3333 1530 3391; x_wconf 86' lang='lat' dir='ltr'><strong>cutte,</strong></span> <span class='ocrx_word' id='word_1_479' title='bbox 1544 3329 1615 3398; x_wconf 81' lang='lat' dir='ltr'><strong>quod</strong></span> <span class='ocrx_word' id='word_1_480' title='bbox 1629 3339 1706 3403; x_wconf 67' lang='lat' dir='ltr'><strong>rogat</strong></span> <span class='ocrx_word' id='word_1_481' title='bbox 1718 3332 1806 3393; x_wconf 81' lang='lat' dir='ltr'><strong>orbis.</strong></span> 
     </span>
     <span class='ocr_line' id='line_1_75' title="bbox 1038 3416 1744 3491; baseline 0.011 -18"><span class='ocrx_word' id='word_1_482' title='bbox 1038 3416 1156 3475; x_wconf 79' lang='lat' dir='ltr'><strong>Credent</strong></span> <span class='ocrx_word' id='word_1_483' title='bbox 1169 3417 1221 3472; x_wconf 91' lang='lat' dir='ltr'><strong>boo</strong></span> <span class='ocrx_word' id='word_1_484' title='bbox 1235 3431 1351 3487; x_wconf 84' lang='lat' dir='ltr'><strong>unquam</strong></span> <span class='ocrx_word' id='word_1_485' title='bbox 1365 3425 1470 3487; x_wconf 74' lang='lat' dir='ltr'><strong>gentes,</strong></span> <span class='ocrx_word' id='word_1_486' title='bbox 1485 3419 1633 3491; x_wconf 78' lang='lat' dir='ltr'><strong>populique</strong></span> <span class='ocrx_word' id='word_1_487' title='bbox 1646 3422 1744 3480; x_wconf 77' lang='lat' dir='ltr'><strong>totoni</strong></span> 
     </span>
     <span class='ocr_line' id='line_1_76' title="bbox 1039 3507 1801 3580; baseline 0.007 -15"><span class='ocrx_word' id='word_1_488' title='bbox 1039 3507 1141 3565; x_wconf 74' lang='lat' dir='ltr'><strong>Littera</strong></span> <span class='ocrx_word' id='word_1_489' title='bbox 1154 3507 1268 3565; x_wconf 81' lang='lat' dir='ltr'><strong>Romani</strong></span> <span class='ocrx_word' id='word_1_490' title='bbox 1283 3520 1385 3573; x_wconf 82' lang='lat' dir='ltr'><strong>cassat.</strong></span> <span class='ocrx_word' id='word_1_491' title='bbox 1400 3509 1471 3580; x_wconf 85' lang='lat' dir='ltr'><strong>quod</strong></span> <span class='ocrx_word' id='word_1_492' title='bbox 1485 3509 1600 3568; x_wconf 87' lang='lat' dir='ltr'><strong>barbaro</strong></span> <span class='ocrx_word' id='word_1_493' title='bbox 1612 3511 1705 3570; x_wconf 79' lang='lat' dir='ltr'><strong>vincis.</strong></span> <span class='ocrx_word' id='word_1_494' title='bbox 1794 3522 1801 3537; x_wconf 72' lang='lat'><strong><em>⁴</em></strong></span> 
     </span>
     <span class='ocr_line' id='line_1_77' title="bbox 1040 3601 1827 3677; baseline 0.009 -16"><span class='ocrx_word' id='word_1_495' title='bbox 1040 3604 1104 3661; x_wconf 84' lang='lat' dir='ltr'><strong>lura</strong></span> <span class='ocrx_word' id='word_1_496' title='bbox 1123 3601 1205 3673; x_wconf 71' lang='lat' dir='ltr'><strong>igitur</strong></span> <span class='ocrx_word' id='word_1_497' title='bbox 1218 3601 1305 3670; x_wconf 79' lang='lat' dir='ltr'><strong>rexit3</strong></span> <span class='ocrx_word' id='word_1_498' title='bbox 1320 3616 1436 3673; x_wconf 86' lang='lat' dir='ltr'><strong>namque</strong></span> <span class='ocrx_word' id='word_1_499' title='bbox 1455 3602 1507 3661; x_wconf 83' lang='lat' dir='ltr'><strong>hoc</strong></span> <span class='ocrx_word' id='word_1_500' title='bbox 1525 3619 1632 3676; x_wconf 77' lang='lat' dir='ltr'><strong>quoque</strong></span> <span class='ocrx_word' id='word_1_501' title='bbox 1649 3620 1699 3677; x_wconf 78' lang='lat' dir='ltr'><strong>uer</strong></span> <span class='ocrx_word' id='word_1_502' title='bbox 1713 3608 1782 3676; x_wconf 83' lang='lat' dir='ltr'><strong>nus,</strong></span> <span class='ocrx_word' id='word_1_503' title='bbox 1798 3621 1827 3676; x_wconf 83' lang='lat' dir='ltr'><strong>ut</strong></span> 
     </span>
     <span class='ocr_line' id='line_1_78' title="bbox 1724 3699 1792 3775; baseline 0 -14"><span class='ocrx_word' id='word_1_504' title='bbox 1724 3699 1792 3775; x_wconf 79' lang='lat' dir='ltr'><strong>[tm</strong></span> 
     </span>
    </p>

    <p class='ocr_par' dir='ltr' id='par_1_40' title="bbox 1039 3789 1774 4045">
     <span class='ocr_line' id='line_1_79' title="bbox 1040 3789 1708 3860; baseline 0.001 -11"><span class='ocrx_word' id='word_1_505' title='bbox 1040 3793 1167 3849; x_wconf 82' lang='lat' dir='ltr'><strong>Assertor</strong></span> <span class='ocrx_word' id='word_1_506' title='bbox 1181 3790 1258 3846; x_wconf 86' lang='lat' dir='ltr'><strong>lieret</strong></span> <span class='ocrx_word' id='word_1_507' title='bbox 1273 3789 1380 3860; x_wconf 70' lang='lat' dir='ltr'><strong>legum,</strong></span> <span class='ocrx_word' id='word_1_508' title='bbox 1393 3790 1438 3858; x_wconf 83' lang='lat' dir='ltr'><strong>oui</strong></span> <span class='ocrx_word' id='word_1_509' title='bbox 1454 3804 1524 3847; x_wconf 90' lang='lat' dir='ltr'><strong>nuuc</strong></span> <span class='ocrx_word' id='word_1_510' title='bbox 1536 3792 1588 3847; x_wconf 88' lang='lat' dir='ltr'><strong>erit</strong></span> <span class='ocrx_word' id='word_1_511' title='bbox 1600 3801 1708 3859; x_wconf 74' lang='grc' dir='ltr'>ιιιιιοις</span> 
     </span>
     <span class='ocr_line' id='line_1_80' title="bbox 1041 3881 1774 3956; baseline 0.003 -15"><span class='ocrx_word' id='word_1_512' title='bbox 1041 3884 1080 3941; x_wconf 88' lang='lat' dir='ltr'><strong>Ne</strong></span> <span class='ocrx_word' id='word_1_513' title='bbox 1092 3881 1196 3939; x_wconf 90' lang='lat' dir='ltr'><strong>dandus</strong></span> <span class='ocrx_word' id='word_1_514' title='bbox 1210 3881 1317 3954; x_wconf 76' lang='lat' dir='ltr'><strong>populis</strong></span> <span class='ocrx_word' id='word_1_515' title='bbox 1329 3881 1465 3952; x_wconf 78' lang='lat' dir='ltr'><strong>princeos,</strong></span> <span class='ocrx_word' id='word_1_516' title='bbox 1479 3891 1574 3953; x_wconf 83' lang='lat' dir='ltr'><strong>eaput,</strong></span> <span class='ocrx_word' id='word_1_517' title='bbox 1590 3884 1774 3956; x_wconf 81' lang='lat' dir='ltr'><strong>irtduoerttor,</strong></span> 
     </span>
     <span class='ocr_line' id='line_1_81' title="bbox 1039 3972 1729 4045; baseline 0.004 -14"><span class='ocrx_word' id='word_1_518' title='bbox 1039 3972 1130 4031; x_wconf 75' lang='lat' dir='ltr'><strong>Cesar</strong></span> <span class='ocrx_word' id='word_1_519' title='bbox 1144 3980 1172 4029; x_wconf 87' lang='lat' dir='ltr'><strong>et</strong></span> <span class='ocrx_word' id='word_1_520' title='bbox 1185 3974 1331 4042; x_wconf 75' lang='lat' dir='ltr'><strong>nogueres,</strong></span> <span class='ocrx_word' id='word_1_521' title='bbox 1347 3972 1433 4028; x_wconf 89' lang='lat' dir='ltr'><strong>solum</strong></span> <span class='ocrx_word' id='word_1_522' title='bbox 1448 3973 1504 4029; x_wconf 84' lang='lat' dir='ltr'><strong>iera</strong></span> <span class='ocrx_word' id='word_1_523' title='bbox 1519 3974 1612 4045; x_wconf 75' lang='lat' dir='ltr'><strong>prelia</strong></span> <span class='ocrx_word' id='word_1_524' title='bbox 1627 3985 1729 4034; x_wconf 67' lang='lat' dir='ltr'><strong>bosut.</strong></span> 
     </span>
    </p>

    <p class='ocr_par' dir='ltr' id='par_1_41' title="bbox 1077 4062 1740 4136">
     <span class='ocr_line' id='line_1_82' title="bbox 1077 4062 1740 4136; baseline 0.005 -15"><span class='ocrx_word' id='word_1_525' title='bbox 1077 4066 1137 4122; x_wconf 84' lang='lat' dir='ltr'><strong>lam</strong></span> <span class='ocrx_word' id='word_1_526' title='bbox 1150 4065 1316 4136; x_wconf 74' lang='lat' dir='ltr'><strong>pristmum</strong></span> <span class='ocrx_word' id='word_1_527' title='bbox 1330 4062 1487 4134; x_wconf 80' lang='lat' dir='ltr'><strong>usrlonotus</strong></span> <span class='ocrx_word' id='word_1_528' title='bbox 1500 4064 1618 4122; x_wconf 89' lang='lat' dir='ltr'><strong>culmine</strong></span> <span class='ocrx_word' id='word_1_529' title='bbox 1634 4066 1740 4125; x_wconf 74' lang='lat' dir='ltr'><strong>undem</strong></span> 
     </span>
    </p>
   </div>
   <div class='ocr_carea' id='block_1_18' title="bbox 1041 4220 1828 4301">
    <p class='ocr_par' dir='ltr' id='par_1_42' title="bbox 1041 4220 1828 4301">
     <span class='ocr_line' id='line_1_83' title="bbox 1041 4220 1828 4301; baseline 0.013 -25"><span class='ocrx_word' id='word_1_530' title='bbox 1041 4221 1250 4276; x_wconf 78' lang='lat' dir='ltr'><strong>Alamannorum</strong></span> <span class='ocrx_word' id='word_1_531' title='bbox 1266 4235 1312 4276; x_wconf 83' lang='lat' dir='ltr'><strong>rex</strong></span> <span class='ocrx_word' id='word_1_532' title='bbox 1326 4220 1455 4291; x_wconf 84' lang='lat' dir='ltr'><strong>scriptum</strong></span> <span class='ocrx_word' id='word_1_533' title='bbox 1470 4232 1512 4280; x_wconf 86' lang='lat' dir='ltr'><strong>est</strong></span> <span class='ocrx_word' id='word_1_534' title='bbox 1524 4238 1573 4295; x_wconf 82' lang='lat' dir='ltr'><strong>pro</strong></span> <span class='ocrx_word' id='word_1_535' title='bbox 1586 4223 1744 4298; x_wconf 77' lang='lat' dir='ltr'><strong>Alandrum,</strong></span> <span class='ocrx_word' id='word_1_536' title='bbox 1756 4230 1828 4301; x_wconf 74' lang='lat' dir='ltr'><strong>quod</strong></span> 
     </span>
    </p>
   </div>
   <div class='ocr_carea' id='block_1_19' title="bbox 201 4291 1829 4439">
    <p class='ocr_par' dir='ltr' id='par_1_43' title="bbox 201 4291 1829 4439">
     <span class='ocr_line' id='line_1_84' title="bbox 201 4291 1480 4369; baseline -0.007 -12"><span class='ocrx_word' id='word_1_537' title='bbox 201 4315 264 4357; x_wconf 85' lang='lat' dir='ltr'><strong>coru</strong></span> <span class='ocrx_word' id='word_1_538' title='bbox 276 4300 371 4357; x_wconf 86' lang='lat' dir='ltr'><strong>eodem</strong></span> <span class='ocrx_word' id='word_1_539' title='bbox 389 4298 557 4355; x_wconf 76' lang='lat' dir='ltr'><strong>Theodorico</strong></span> <span class='ocrx_word' id='word_1_540' title='bbox 575 4315 583 4353; x_wconf 79' lang='grc' dir='ltr'><strong>ι</strong></span> <span class='ocrx_word' id='word_1_541' title='bbox 601 4298 673 4369; x_wconf 86' lang='lat' dir='ltr'><strong>qood</strong></span> <span class='ocrx_word' id='word_1_542' title='bbox 693 4299 775 4367; x_wconf 79' lang='lat' dir='ltr'><strong>eupit</strong></span> <span class='ocrx_word' id='word_1_543' title='bbox 797 4297 831 4352; x_wconf 90' lang='lat' dir='ltr'><strong>ub</strong></span> <span class='ocrx_word' id='word_1_544' title='bbox 851 4295 990 4351; x_wconf 85' lang='lat' dir='ltr'><strong>obsidione</strong></span> <span class='ocrx_word' id='word_1_545' title='bbox 1044 4291 1117 4347; x_wconf 84' lang='lat' dir='ltr'><strong>lirici</strong></span> <span class='ocrx_word' id='word_1_546' title='bbox 1131 4291 1252 4347; x_wconf 88' lang='lat' dir='ltr'><strong>monaclri</strong></span> <span class='ocrx_word' id='word_1_547' title='bbox 1267 4307 1361 4346; x_wconf 82' lang='lat' dir='ltr'><strong>versus</strong></span> <span class='ocrx_word' id='word_1_548' title='bbox 1372 4294 1480 4349; x_wconf 89' lang='lat' dir='ltr'><strong>docent.</strong></span> 
     </span>
     <span class='ocr_line' id='line_1_85' title="bbox 201 4362 1829 4439; baseline -0.001 -11"><span class='ocrx_word' id='word_1_549' title='bbox 201 4371 370 4429; x_wconf 76' lang='lat' dir='ltr'><strong>Narbonensi</strong></span> <span class='ocrx_word' id='word_1_550' title='bbox 381 4368 533 4434; x_wconf 68' lang='lat' dir='ltr'><strong>moliti,</strong></span> <span class='ocrx_word' id='word_1_551' title='bbox 552 4369 658 4424; x_wconf 82' lang='lat' dir='ltr'><strong>Tolosae</strong></span> <span class='ocrx_word' id='word_1_552' title='bbox 679 4379 816 4439; x_wconf 78' lang='lat' dir='ltr'><strong>peractum</strong></span> <span class='ocrx_word' id='word_1_553' title='bbox 834 4377 891 4432; x_wconf 88' lang='lat' dir='ltr'><strong>cst,</strong></span> <span class='ocrx_word' id='word_1_554' title='bbox 913 4364 1030 4437; x_wconf 73' lang='lat' dir='ltr'><strong>cantol)</strong></span> <span class='ocrx_word' id='word_1_555' title='bbox 1080 4373 1091 4401; x_wconf 63' lang='grc' dir='ltr'><strong>ι</strong></span> <span class='ocrx_word' id='word_1_556' title='bbox 1109 4362 1149 4419; x_wconf 87' lang='lat' dir='ltr'><strong>De</strong></span> <span class='ocrx_word' id='word_1_557' title='bbox 1160 4364 1209 4417; x_wconf 83' lang='lat' dir='ltr'><strong>lrac</strong></span> <span class='ocrx_word' id='word_1_558' title='bbox 1223 4364 1389 4418; x_wconf 82' lang='lat' dir='ltr'><strong>uexillarium</strong></span> <span class='ocrx_word' id='word_1_559' title='bbox 1405 4364 1561 4421; x_wconf 84' lang='lat' dir='ltr'><strong>Hunnorum</strong></span> <span class='ocrx_word' id='word_1_560' title='bbox 1579 4366 1706 4435; x_wconf 77' lang='lat' dir='ltr'><strong>perfidia,</strong></span> <span class='ocrx_word' id='word_1_561' title='bbox 1732 4378 1759 4425; x_wconf 91' lang='lat' dir='ltr'><strong>et</strong></span> <span class='ocrx_word' id='word_1_562' title='bbox 1775 4370 1829 4427; x_wconf 91' lang='lat' dir='ltr'><strong>bo·</strong></span> 
     </span>
    </p>
   </div>
   <div class='ocr_carea' id='block_1_20' title="bbox 200 4438 994 5360">
    <p class='ocr_par' dir='ltr' id='par_1_44' title="bbox 200 4438 994 5360">
     <span class='ocr_line' id='line_1_86' title="bbox 201 4438 988 4510; baseline -0.013 -9"><span class='ocrx_word' id='word_1_563' title='bbox 201 4442 318 4509; x_wconf 78' lang='lat' dir='ltr'><strong>biurio,</strong></span> <span class='ocrx_word' id='word_1_564' title='bbox 333 4448 361 4495; x_wconf 90' lang='lat' dir='ltr'><strong>et</strong></span> <span class='ocrx_word' id='word_1_565' title='bbox 371 4454 435 4510; x_wconf 79' lang='lat' dir='ltr'><strong>paee</strong></span> <span class='ocrx_word' id='word_1_566' title='bbox 449 4439 596 4509; x_wconf 72' lang='lat' dir='ltr'><strong>composita</strong></span> <span class='ocrx_word' id='word_1_567' title='bbox 611 4441 672 4496; x_wconf 78' lang='lat' dir='ltr'><strong>lou.</strong></span> <span class='ocrx_word' id='word_1_568' title='bbox 690 4440 718 4493; x_wconf 94' lang='lat' dir='ltr'><strong>ln</strong></span> <span class='ocrx_word' id='word_1_569' title='bbox 733 4441 783 4494; x_wconf 92' lang='lat' dir='ltr'><strong>boc</strong></span> <span class='ocrx_word' id='word_1_570' title='bbox 795 4439 866 4495; x_wconf 90' lang='lat' dir='ltr'><strong>bello</strong></span> <span class='ocrx_word' id='word_1_571' title='bbox 879 4438 988 4494; x_wconf 90' lang='lat' dir='ltr'><strong>llunno-</strong></span> 
     </span>
     <span class='ocr_line' id='line_1_87' title="bbox 204 4508 988 4581; baseline -0.008 -12"><span class='ocrx_word' id='word_1_572' title='bbox 204 4528 264 4569; x_wconf 86' lang='lat' dir='ltr'><strong>rum</strong></span> <span class='ocrx_word' id='word_1_573' title='bbox 278 4513 378 4568; x_wconf 79' lang='lat' dir='ltr'><strong>uuxilio</strong></span> <span class='ocrx_word' id='word_1_574' title='bbox 397 4524 461 4566; x_wconf 91' lang='lat' dir='ltr'><strong>usos</strong></span> <span class='ocrx_word' id='word_1_575' title='bbox 477 4508 612 4565; x_wconf 85' lang='lat' dir='ltr'><strong>Romsoos</strong></span> <span class='ocrx_word' id='word_1_576' title='bbox 636 4519 767 4566; x_wconf 84' lang='lat' dir='ltr'><strong>testmtor</strong></span> <span class='ocrx_word' id='word_1_577' title='bbox 778 4511 902 4581; x_wconf 81' lang='lat' dir='ltr'><strong>Prosper.</strong></span> <span class='ocrx_word' id='word_1_578' title='bbox 922 4509 988 4564; x_wconf 84' lang='lat' dir='ltr'><strong>Cus-</strong></span> 
     </span>
     <span class='ocr_line' id='line_1_88' title="bbox 205 4580 990 4647; baseline -0.011 -6"><span class='ocrx_word' id='word_1_579' title='bbox 205 4582 347 4647; x_wconf 74' lang='lat' dir='ltr'><strong>dodorus.</strong></span> <span class='ocrx_word' id='word_1_580' title='bbox 363 4580 513 4638; x_wconf 85' lang='lat' dir='ltr'><strong>lorouudcs</strong></span> <span class='ocrx_word' id='word_1_581' title='bbox 525 4592 554 4639; x_wconf 87' lang='lat' dir='ltr'><strong>et</strong></span> <span class='ocrx_word' id='word_1_582' title='bbox 566 4581 706 4636; x_wconf 81' lang='lat' dir='ltr'><strong>Selrisous</strong></span> <span class='ocrx_word' id='word_1_583' title='bbox 723 4581 769 4637; x_wconf 90' lang='lat' dir='ltr'><strong>lib.</strong></span> <span class='ocrx_word' id='word_1_584' title='bbox 784 4597 821 4636; x_wconf 87' lang='grc' dir='ltr'><strong>ιιι</strong></span> <span class='ocrx_word' id='word_1_585' title='bbox 841 4584 874 4636; x_wconf 89' lang='lat' dir='ltr'><strong>de</strong></span> <span class='ocrx_word' id='word_1_586' title='bbox 898 4580 990 4636; x_wconf 84' lang='lat' dir='ltr'><strong>Provi-</strong></span> 
     </span>
     <span class='ocr_line' id='line_1_89' title="bbox 200 4651 990 4721; baseline -0.003 -14"><span class='ocrx_word' id='word_1_587' title='bbox 200 4652 308 4713; x_wconf 77' lang='lat' dir='ltr'><strong>dentia.</strong></span> <span class='ocrx_word' id='word_1_588' title='bbox 326 4653 425 4710; x_wconf 84' lang='lat' dir='ltr'><strong>llorum</strong></span> <span class='ocrx_word' id='word_1_589' title='bbox 447 4667 513 4721; x_wconf 74' lang='lat' dir='ltr'><strong>ergo</strong></span> <span class='ocrx_word' id='word_1_590' title='bbox 534 4661 635 4708; x_wconf 78' lang='lat' dir='ltr'><strong>turonas</strong></span> <span class='ocrx_word' id='word_1_591' title='bbox 653 4666 712 4706; x_wconf 86' lang='lat' dir='ltr'><strong>curn</strong></span> <span class='ocrx_word' id='word_1_592' title='bbox 728 4654 762 4707; x_wconf 87' lang='lat' dir='ltr'><strong>ub</strong></span> <span class='ocrx_word' id='word_1_593' title='bbox 775 4651 922 4707; x_wconf 80' lang='lat' dir='ltr'><strong>Arrnoricls</strong></span> <span class='ocrx_word' id='word_1_594' title='bbox 941 4666 990 4721; x_wconf 81' lang='lat' dir='ltr'><strong>uer</strong></span> 
     </span>
     <span class='ocr_line' id='line_1_90' title="bbox 202 4721 991 4792; baseline -0.004 -12"><span class='ocrx_word' id='word_1_595' title='bbox 202 4726 343 4785; x_wconf 71' lang='lat' dir='ltr'><strong>Arvernos</strong></span> <span class='ocrx_word' id='word_1_596' title='bbox 355 4724 466 4781; x_wconf 83' lang='lat' dir='ltr'><strong>duceret</strong></span> <span class='ocrx_word' id='word_1_597' title='bbox 476 4722 693 4792; x_wconf 58' lang='lat' dir='ltr'><strong>tironumque</strong></span> <span class='ocrx_word' id='word_1_598' title='bbox 706 4723 745 4777; x_wconf 90' lang='lat' dir='ltr'><strong>illi</strong></span> <span class='ocrx_word' id='word_1_599' title='bbox 759 4721 870 4777; x_wconf 85' lang='lat' dir='ltr'><strong>barbara</strong></span> <span class='ocrx_word' id='word_1_600' title='bbox 886 4721 991 4778; x_wconf 86' lang='lat' dir='ltr'><strong>leritute</strong></span> 
     </span>
     <span class='ocr_line' id='line_1_91' title="bbox 203 4786 991 4862; baseline -0.011 -8"><span class='ocrx_word' id='word_1_601' title='bbox 203 4786 363 4853; x_wconf 60' lang='lat' dir='ltr'><strong>Arverniam</strong></span> <span class='ocrx_word' id='word_1_602' title='bbox 374 4802 521 4860; x_wconf 71' lang='lat' dir='ltr'><strong>ructarent,</strong></span> <span class='ocrx_word' id='word_1_603' title='bbox 530 4801 639 4849; x_wconf 84' lang='lat' dir='ltr'><strong>exortus</strong></span> <span class='ocrx_word' id='word_1_604' title='bbox 651 4802 693 4847; x_wconf 86' lang='lat' dir='ltr'><strong>est</strong></span> <span class='ocrx_word' id='word_1_605' title='bbox 705 4792 774 4848; x_wconf 83' lang='grc' dir='ltr'>Αιιιι</span> <span class='ocrx_word' id='word_1_606' title='bbox 790 4794 817 4847; x_wconf 90' lang='grc' dir='ltr'><strong>ιιι</strong></span> <span class='ocrx_word' id='word_1_607' title='bbox 831 4792 892 4848; x_wconf 84' lang='grc' dir='ltr'>ιιιοι</span> <span class='ocrx_word' id='word_1_608' title='bbox 907 4793 991 4862; x_wconf 79' lang='lat' dir='ltr'><strong>impe·</strong></span> 
     </span>
     <span class='ocr_line' id='line_1_92' title="bbox 206 4862 991 4937; baseline -0.008 -14"><span class='ocrx_word' id='word_1_609' title='bbox 206 4875 260 4935; x_wconf 80' lang='lat' dir='ltr'><strong>tua,</strong></span> <span class='ocrx_word' id='word_1_610' title='bbox 272 4873 299 4923; x_wconf 89' lang='lat' dir='ltr'><strong>el</strong></span> <span class='ocrx_word' id='word_1_611' title='bbox 311 4866 517 4937; x_wconf 70' lang='lat' dir='ltr'><strong>simularentur</strong></span> <span class='ocrx_word' id='word_1_612' title='bbox 532 4863 629 4919; x_wconf 78' lang='lat' dir='ltr'><strong>Hunno</strong></span> <span class='ocrx_word' id='word_1_613' title='bbox 641 4863 731 4933; x_wconf 85' lang='lat' dir='ltr'><strong>equite</strong></span> <span class='ocrx_word' id='word_1_614' title='bbox 742 4870 876 4918; x_wconf 87' lang='lat' dir='ltr'><strong>certamen</strong></span> <span class='ocrx_word' id='word_1_615' title='bbox 891 4903 899 4927; x_wconf 88' lang='lat'>‚</span> <span class='ocrx_word' id='word_1_616' title='bbox 919 4862 991 4933; x_wconf 79' lang='lat' dir='ltr'><strong>qood</strong></span> 
     </span>
     <span class='ocr_line' id='line_1_93' title="bbox 206 4932 992 5007; baseline -0.006 -14"><span class='ocrx_word' id='word_1_617' title='bbox 206 4936 426 4997; x_wconf 80' lang='lat' dir='ltr'><strong>usloouiotanu</strong></span> <span class='ocrx_word' id='word_1_618' title='bbox 440 4949 538 5007; x_wconf 75' lang='lat' dir='ltr'><strong>pompe</strong></span> <span class='ocrx_word' id='word_1_619' title='bbox 548 4933 718 4992; x_wconf 83' lang='lat' dir='ltr'><strong>describitur.</strong></span> <span class='ocrx_word' id='word_1_620' title='bbox 734 4932 800 5000; x_wconf 79' lang='lat' dir='ltr'><strong>ere</strong></span> <span class='ocrx_word' id='word_1_621' title='bbox 822 4933 929 5002; x_wconf 85' lang='lat' dir='ltr'><strong>quidem</strong></span> <span class='ocrx_word' id='word_1_622' title='bbox 949 4932 992 4988; x_wconf 86' lang='lat' dir='ltr'><strong>Si·</strong></span> 
     </span>
     <span class='ocr_line' id='line_1_94' title="bbox 206 5003 992 5080; baseline -0.01 -15"><span class='ocrx_word' id='word_1_623' title='bbox 206 5007 340 5080; x_wconf 66' lang='lat' dir='ltr'><strong>eouiosiu</strong></span> <span class='ocrx_word' id='word_1_624' title='bbox 356 5008 430 5063; x_wconf 88' lang='lat' dir='ltr'><strong>libris</strong></span> <span class='ocrx_word' id='word_1_625' title='bbox 441 5008 475 5063; x_wconf 87' lang='lat' dir='ltr'><strong>de</strong></span> <span class='ocrx_word' id='word_1_626' title='bbox 485 5006 642 5064; x_wconf 78' lang='lat' dir='ltr'><strong>¹Occidentis</strong></span> <span class='ocrx_word' id='word_1_627' title='bbox 659 5005 791 5074; x_wconf 77' lang='lat' dir='ltr'><strong>imperio,</strong></span> <span class='ocrx_word' id='word_1_628' title='bbox 806 5017 858 5057; x_wconf 91' lang='lat' dir='ltr'><strong>non</strong></span> <span class='ocrx_word' id='word_1_629' title='bbox 876 5004 947 5058; x_wconf 88' lang='lat' dir='ltr'><strong>male</strong></span> <span class='ocrx_word' id='word_1_630' title='bbox 958 5003 992 5057; x_wconf 88' lang='lat' dir='ltr'><strong>ad</strong></span> 
     </span>
     <span class='ocr_line' id='line_1_95' title="bbox 207 5073 993 5147; baseline -0.009 -12"><span class='ocrx_word' id='word_1_631' title='bbox 207 5094 307 5137; x_wconf 83' lang='lat' dir='ltr'><strong>aunum</strong></span> <span class='ocrx_word' id='word_1_632' title='bbox 323 5079 374 5137; x_wconf 75' lang='lat' dir='ltr'><strong>ddi</strong></span> <span class='ocrx_word' id='word_1_633' title='bbox 390 5078 491 5135; x_wconf 86' lang='lat' dir='ltr'><strong>relert:</strong></span> <span class='ocrx_word' id='word_1_634' title='bbox 507 5079 624 5147; x_wconf 76' lang='lat' dir='ltr'><strong>pessime</strong></span> <span class='ocrx_word' id='word_1_635' title='bbox 638 5085 726 5130; x_wconf 86' lang='lat' dir='ltr'><strong>autem</strong></span> <span class='ocrx_word' id='word_1_636' title='bbox 745 5073 922 5143; x_wconf 78' lang='lat' dir='ltr'><strong>direptionem</strong></span> <span class='ocrx_word' id='word_1_637' title='bbox 942 5074 993 5129; x_wconf 80' lang='lat' dir='ltr'><strong>Ar-</strong></span> 
     </span>
     <span class='ocr_line' id='line_1_96' title="bbox 208 5143 994 5219; baseline -0.011 -12"><span class='ocrx_word' id='word_1_638' title='bbox 208 5150 354 5216; x_wconf 74' lang='lat' dir='ltr'><strong>menicum,</strong></span> <span class='ocrx_word' id='word_1_639' title='bbox 370 5162 432 5219; x_wconf 70' lang='lat' dir='ltr'><strong>uuae</strong></span> <span class='ocrx_word' id='word_1_640' title='bbox 443 5148 548 5204; x_wconf 88' lang='lat' dir='ltr'><strong>lluonis</strong></span> <span class='ocrx_word' id='word_1_641' title='bbox 558 5147 696 5204; x_wconf 85' lang='lat' dir='ltr'><strong>tribuenda</strong></span> <span class='ocrx_word' id='word_1_642' title='bbox 711 5153 780 5215; x_wconf 87' lang='lat' dir='ltr'><strong>erut,</strong></span> <span class='ocrx_word' id='word_1_643' title='bbox 796 5144 892 5199; x_wconf 81' lang='lat' dir='ltr'><strong>Gotlris</strong></span> <span class='ocrx_word' id='word_1_644' title='bbox 905 5143 994 5217; x_wconf 84' lang='lat' dir='ltr'><strong>impu-</strong></span> 
     </span>
     <span class='ocr_line' id='line_1_97' title="bbox 208 5215 994 5290; baseline -0.006 -14"><span class='ocrx_word' id='word_1_645' title='bbox 208 5229 262 5286; x_wconf 79' lang='lat' dir='ltr'><strong>tet3</strong></span> <span class='ocrx_word' id='word_1_646' title='bbox 278 5232 305 5278; x_wconf 89' lang='lat' dir='ltr'><strong>et</strong></span> <span class='ocrx_word' id='word_1_647' title='bbox 319 5234 414 5277; x_wconf 91' lang='lat' dir='ltr'><strong>rcrsus</strong></span> <span class='ocrx_word' id='word_1_648' title='bbox 429 5222 519 5287; x_wconf 87' lang='lat' dir='ltr'><strong>besee,</strong></span> <span class='ocrx_word' id='word_1_649' title='bbox 534 5221 580 5290; x_wconf 81' lang='lat' dir='ltr'><strong>qui</strong></span> <span class='ocrx_word' id='word_1_650' title='bbox 602 5219 637 5274; x_wconf 91' lang='lat' dir='ltr'><strong>de</strong></span> <span class='ocrx_word' id='word_1_651' title='bbox 655 5218 736 5273; x_wconf 80' lang='lat' dir='ltr'><strong>Avito</strong></span> <span class='ocrx_word' id='word_1_652' title='bbox 754 5215 846 5286; x_wconf 81' lang='lat' dir='ltr'><strong>scripti</strong></span> <span class='ocrx_word' id='word_1_653' title='bbox 872 5225 944 5283; x_wconf 88' lang='lat' dir='ltr'><strong>sunt,</strong></span> <span class='ocrx_word' id='word_1_654' title='bbox 961 5215 994 5271; x_wconf 91' lang='lat' dir='ltr'><strong>ad</strong></span> 
     </span>
     <span class='ocr_line' id='line_1_98' title="bbox 208 5290 571 5360; baseline -0.011 -11"><span class='ocrx_word' id='word_1_655' title='bbox 208 5290 407 5350; x_wconf 76' lang='lat' dir='ltr'><strong>Theodericum</strong></span> <span class='ocrx_word' id='word_1_656' title='bbox 419 5290 571 5360; x_wconf 85' lang='lat' dir='ltr'><strong>detorquet.</strong></span> 
     </span>
    </p>
   </div>
   <div class='ocr_carea' id='block_1_21' title="bbox 201 5357 995 5433">
    <p class='ocr_par' dir='ltr' id='par_1_45' title="bbox 201 5357 995 5433">
     <span class='ocr_line' id='line_1_99' title="bbox 201 5357 995 5433; baseline -0.01 -14"><span class='ocrx_word' id='word_1_657' title='bbox 201 5374 205 5397; x_wconf 75' lang='lat'>¹</span> <span class='ocrx_word' id='word_1_658' title='bbox 244 5361 331 5419; x_wconf 80' lang='lat' dir='ltr'><strong>blatu</strong></span> <span class='ocrx_word' id='word_1_659' title='bbox 350 5361 504 5417; x_wconf 88' lang='lat' dir='ltr'><strong>monuimus</strong></span> <span class='ocrx_word' id='word_1_660' title='bbox 519 5365 545 5417; x_wconf 85' lang='lat' dir='ltr'><strong>in</strong></span> <span class='ocrx_word' id='word_1_661' title='bbox 564 5359 724 5433; x_wconf 67' lang='lat' dir='ltr'><strong>penegyrieo</strong></span> <span class='ocrx_word' id='word_1_662' title='bbox 739 5359 877 5431; x_wconf 78' lang='lat' dir='ltr'><strong>llulorioni</strong></span> <span class='ocrx_word' id='word_1_663' title='bbox 899 5357 995 5413; x_wconf 79' lang='lat' dir='ltr'><strong>Armo-</strong></span> 
     </span>
    </p>
   </div>
   <div class='ocr_carea' id='block_1_22' title="bbox 211 5429 994 5501">
    <p class='ocr_par' dir='ltr' id='par_1_46' title="bbox 211 5429 994 5501">
     <span class='ocr_line' id='line_1_100' title="bbox 211 5429 994 5501; baseline -0.008 -11"><span class='ocrx_word' id='word_1_664' title='bbox 211 5433 282 5490; x_wconf 86' lang='lat' dir='ltr'><strong>rieos</strong></span> <span class='ocrx_word' id='word_1_665' title='bbox 296 5431 451 5491; x_wconf 78' lang='lat' dir='ltr'><strong>rebellionis</strong></span> <span class='ocrx_word' id='word_1_666' title='bbox 463 5446 544 5488; x_wconf 83' lang='lat' dir='ltr'><strong>causa</strong></span> <span class='ocrx_word' id='word_1_667' title='bbox 558 5433 654 5487; x_wconf 88' lang='lat' dir='ltr'><strong>crebro</strong></span> <span class='ocrx_word' id='word_1_668' title='bbox 670 5448 685 5485; x_wconf 85' lang='lat' dir='ltr'><strong>a</strong></span> <span class='ocrx_word' id='word_1_669' title='bbox 704 5432 831 5487; x_wconf 85' lang='lat' dir='ltr'><strong>llomaois</strong></span> <span class='ocrx_word' id='word_1_670' title='bbox 850 5429 994 5501; x_wconf 77' lang='lat' dir='ltr'><strong>appetitos.</strong></span> 
     </span>
    </p>
   </div>
   <div class='ocr_carea' id='block_1_23' title="bbox 211 5501 997 5573">
    <p class='ocr_par' dir='ltr' id='par_1_47' title="bbox 211 5501 997 5573">
     <span class='ocr_line' id='line_1_101' title="bbox 211 5501 997 5573; baseline -0.006 -14"><span class='ocrx_word' id='word_1_671' title='bbox 211 5503 286 5560; x_wconf 81' lang='lat' dir='ltr'><strong>Nunc</strong></span> <span class='ocrx_word' id='word_1_672' title='bbox 298 5519 362 5573; x_wconf 83' lang='lat' dir='ltr'><strong>ergo</strong></span> <span class='ocrx_word' id='word_1_673' title='bbox 376 5519 392 5558; x_wconf 90' lang='lat' dir='ltr'><strong>u</strong></span> <span class='ocrx_word' id='word_1_674' title='bbox 406 5502 508 5557; x_wconf 80' lang='lat' dir='ltr'><strong>biturio</strong></span> <span class='ocrx_word' id='word_1_675' title='bbox 522 5503 638 5567; x_wconf 79' lang='lat' dir='ltr'><strong>subacti3</strong></span> <span class='ocrx_word' id='word_1_676' title='bbox 655 5502 813 5571; x_wconf 80' lang='lat' dir='ltr'><strong>postdeccm</strong></span> <span class='ocrx_word' id='word_1_677' title='bbox 828 5501 936 5556; x_wconf 89' lang='lat' dir='ltr'><strong>circiter</strong></span> <span class='ocrx_word' id='word_1_678' title='bbox 949 5516 997 5555; x_wconf 86' lang='lat' dir='ltr'><strong>uu·</strong></span> 
     </span>
    </p>
   </div>
   <div class='ocr_carea' id='block_1_24' title="bbox 1040 4433 1831 4561">
    <p class='ocr_par' dir='ltr' id='par_1_48' title="bbox 1040 4433 1831 4561">
     <span class='ocr_line' id='line_1_102' title="bbox 1043 4433 1831 4504; baseline 0.014 -16"><span class='ocrx_word' id='word_1_679' title='bbox 1043 4433 1099 4488; x_wconf 87' lang='lat' dir='ltr'><strong>stili</strong></span> <span class='ocrx_word' id='word_1_680' title='bbox 1117 4433 1301 4500; x_wconf 68' lang='lat' dir='ltr'><strong>oneratione,</strong></span> <span class='ocrx_word' id='word_1_681' title='bbox 1321 4434 1443 4504; x_wconf 83' lang='lat' dir='ltr'><strong>queritur</strong></span> <span class='ocrx_word' id='word_1_682' title='bbox 1463 4436 1527 4493; x_wconf 90' lang='lat' dir='ltr'><strong>itetn</strong></span> <span class='ocrx_word' id='word_1_683' title='bbox 1550 4437 1677 4496; x_wconf 86' lang='lat' dir='ltr'><strong>Paulinus</strong></span> <span class='ocrx_word' id='word_1_684' title='bbox 1692 4438 1739 4496; x_wconf 87' lang='lat' dir='ltr'><strong>lib.</strong></span> <span class='ocrx_word' id='word_1_685' title='bbox 1755 4456 1782 4496; x_wconf 84' lang='grc' dir='ltr'><strong>ιι</strong></span> <span class='ocrx_word' id='word_1_686' title='bbox 1795 4441 1831 4501; x_wconf 86' lang='lat' dir='ltr'><strong>tls</strong></span> 
     </span>
     <span class='ocr_line' id='line_1_103' title="bbox 1040 4502 1282 4561; baseline -0.004 -3"><span class='ocrx_word' id='word_1_687' title='bbox 1040 4504 1101 4559; x_wconf 84' lang='lat' dir='ltr'><strong>viru</strong></span> <span class='ocrx_word' id='word_1_688' title='bbox 1115 4502 1144 4559; x_wconf 84' lang='lat' dir='ltr'><strong>S.</strong></span> <span class='ocrx_word' id='word_1_689' title='bbox 1159 4503 1282 4561; x_wconf 75' lang='lat' dir='ltr'><strong>Martini:</strong></span> 
     </span>
    </p>
   </div>
   <div class='ocr_carea' id='block_1_25' title="bbox 1153 4639 1770 4767">
    <p class='ocr_par' dir='ltr' id='par_1_49' title="bbox 1153 4639 1770 4767">
     <span class='ocr_line' id='line_1_104' title="bbox 1153 4639 1770 4707; baseline 0.01 -17"><span class='ocrx_word' id='word_1_690' title='bbox 1153 4640 1213 4690; x_wconf 82' lang='lat' dir='ltr'><strong>com</strong></span> <span class='ocrx_word' id='word_1_691' title='bbox 1224 4642 1305 4693; x_wconf 86' lang='lat' dir='ltr'><strong>subito</strong></span> <span class='ocrx_word' id='word_1_692' title='bbox 1315 4639 1438 4704; x_wconf 81' lang='lat' dir='ltr'><strong>parelaota</strong></span> <span class='ocrx_word' id='word_1_693' title='bbox 1448 4649 1526 4700; x_wconf 83' lang='lat' dir='ltr'><strong>meto,</strong></span> <span class='ocrx_word' id='word_1_694' title='bbox 1538 4645 1653 4705; x_wconf 83' lang='lat' dir='ltr'><strong>graviore</strong></span> <span class='ocrx_word' id='word_1_695' title='bbox 1665 4642 1770 4707; x_wconf 76' lang='lat' dir='ltr'><strong>periclo,</strong></span> 
     </span>
     <span class='ocr_line' id='line_1_105' title="bbox 1156 4701 1663 4767; baseline 0.008 -15"><span class='ocrx_word' id='word_1_696' title='bbox 1156 4701 1322 4753; x_wconf 72' lang='lat' dir='ltr'><strong>auxiliatores</strong></span> <span class='ocrx_word' id='word_1_697' title='bbox 1334 4710 1461 4767; x_wconf 82' lang='lat' dir='ltr'><strong>pateretur</strong></span> <span class='ocrx_word' id='word_1_698' title='bbox 1470 4702 1547 4754; x_wconf 80' lang='lat' dir='ltr'><strong>Gallia</strong></span> <span class='ocrx_word' id='word_1_699' title='bbox 1557 4704 1663 4756; x_wconf 81' lang='lat' dir='ltr'><strong>Cbuuos.</strong></span> 
     </span>
    </p>
   </div>
   <div class='ocr_carea' id='block_1_26' title="bbox 1062 4764 1788 4913">
    <p class='ocr_par' dir='ltr' id='par_1_50' title="bbox 1062 4764 1788 4913">
     <span class='ocr_line' id='line_1_106' title="bbox 1062 4764 1770 4839; baseline 0.007 -15"><span class='ocrx_word' id='word_1_700' title='bbox 1062 4764 1139 4836; x_wconf 73' lang='lat'><strong>132</strong></span> <span class='ocrx_word' id='word_1_701' title='bbox 1155 4772 1215 4823; x_wconf 81' lang='lat' dir='ltr'><strong>Nem</strong></span> <span class='ocrx_word' id='word_1_702' title='bbox 1226 4775 1317 4823; x_wconf 80' lang='lat' dir='ltr'><strong>socium</strong></span> <span class='ocrx_word' id='word_1_703' title='bbox 1329 4774 1384 4836; x_wconf 83' lang='lat' dir='ltr'><strong>qrrls</strong></span> <span class='ocrx_word' id='word_1_704' title='bbox 1395 4774 1463 4824; x_wconf 90' lang='lat' dir='ltr'><strong>lerre</strong></span> <span class='ocrx_word' id='word_1_705' title='bbox 1490 4782 1557 4835; x_wconf 86' lang='lat' dir='ltr'><strong>neat,</strong></span> <span class='ocrx_word' id='word_1_706' title='bbox 1571 4778 1612 4839; x_wconf 87' lang='lat' dir='ltr'><strong>qui</strong></span> <span class='ocrx_word' id='word_1_707' title='bbox 1623 4776 1706 4828; x_wconf 85' lang='lat' dir='ltr'><strong>durior</strong></span> <span class='ocrx_word' id='word_1_708' title='bbox 1715 4777 1770 4829; x_wconf 87' lang='lat' dir='ltr'><strong>bost</strong></span> 
     </span>
     <span class='ocr_line' id='line_1_107' title="bbox 1157 4834 1788 4913; baseline 0.005 -27"><span class='ocrx_word' id='word_1_709' title='bbox 1157 4834 1253 4895; x_wconf 78' lang='lat' dir='ltr'><strong>Exulet,</strong></span> <span class='ocrx_word' id='word_1_710' title='bbox 1265 4837 1448 4887; x_wconf 76' lang='lat' dir='ltr'><strong>ettenoruml</strong></span> <span class='ocrx_word' id='word_1_711' title='bbox 1521 4837 1757 4902; x_wconf 80' lang='lat' dir='ltr'><strong>ledtatorepellati</strong></span> <span class='ocrx_word' id='word_1_712' title='bbox 1785 4904 1788 4913; x_wconf 34' lang='grc' dir='ltr'><strong><em>Ι</em></strong></span> 
     </span>
    </p>
   </div>
   <div class='ocr_carea' id='block_1_27' title="bbox 1044 5002 1838 5571">
    <p class='ocr_par' dir='ltr' id='par_1_51' title="bbox 1044 5002 1838 5571">
     <span class='ocr_line' id='line_1_108' title="bbox 1080 5002 1838 5076; baseline 0.008 -16"><span class='ocrx_word' id='word_1_713' title='bbox 1080 5002 1249 5062; x_wconf 59' lang='lat' dir='ltr'><strong>“Renovate</strong></span> <span class='ocrx_word' id='word_1_714' title='bbox 1262 5019 1322 5060; x_wconf 92' lang='lat' dir='ltr'><strong>curu</strong></span> <span class='ocrx_word' id='word_1_715' title='bbox 1337 5004 1506 5063; x_wconf 85' lang='lat' dir='ltr'><strong>Theodorico</strong></span> <span class='ocrx_word' id='word_1_716' title='bbox 1521 5007 1591 5076; x_wconf 80' lang='lat' dir='ltr'><strong>oscis</strong></span> <span class='ocrx_word' id='word_1_717' title='bbox 1613 5008 1721 5065; x_wconf 88' lang='lat' dir='ltr'><strong>laudern</strong></span> <span class='ocrx_word' id='word_1_718' title='bbox 1743 5008 1838 5069; x_wconf 84' lang='lat' dir='ltr'><strong>tribuit</strong></span> 
     </span>
     <span class='ocr_line' id='line_1_109' title="bbox 1044 5074 1836 5152; baseline 0.008 -19"><span class='ocrx_word' id='word_1_719' title='bbox 1044 5076 1136 5145; x_wconf 80' lang='lat' dir='ltr'><strong>delto,</strong></span> <span class='ocrx_word' id='word_1_720' title='bbox 1152 5087 1207 5133; x_wconf 88' lang='lat' dir='ltr'><strong>toro</strong></span> <span class='ocrx_word' id='word_1_721' title='bbox 1219 5074 1345 5145; x_wconf 76' lang='lat' dir='ltr'><strong>pruteno</strong></span> <span class='ocrx_word' id='word_1_722' title='bbox 1358 5079 1484 5146; x_wconf 80' lang='lat' dir='ltr'><strong>pretorio</strong></span> <span class='ocrx_word' id='word_1_723' title='bbox 1494 5077 1651 5135; x_wconf 78' lang='lat' dir='ltr'><strong>Galliarum.</strong></span> <span class='ocrx_word' id='word_1_724' title='bbox 1666 5080 1750 5152; x_wconf 76' lang='lat' dir='ltr'><strong>llujus</strong></span> <span class='ocrx_word' id='word_1_725' title='bbox 1762 5082 1836 5139; x_wconf 86' lang='lat' dir='ltr'><strong>enim</strong></span> 
     </span>
     <span class='ocr_line' id='line_1_110' title="bbox 1045 5146 1836 5220; baseline 0.008 -16"><span class='ocrx_word' id='word_1_726' title='bbox 1045 5148 1163 5204; x_wconf 78' lang='lat' dir='ltr'><strong>maxime</strong></span> <span class='ocrx_word' id='word_1_727' title='bbox 1182 5147 1278 5202; x_wconf 85' lang='lat' dir='ltr'><strong>litteris</strong></span> <span class='ocrx_word' id='word_1_728' title='bbox 1300 5146 1426 5203; x_wconf 83' lang='lat' dir='ltr'><strong>inlloxurn</strong></span> <span class='ocrx_word' id='word_1_729' title='bbox 1447 5148 1482 5203; x_wconf 90' lang='lat' dir='ltr'><strong>ud</strong></span> <span class='ocrx_word' id='word_1_730' title='bbox 1501 5163 1594 5219; x_wconf 77' lang='lat' dir='ltr'><strong>pacem</strong></span> <span class='ocrx_word' id='word_1_731' title='bbox 1616 5160 1677 5220; x_wconf 81' lang='lat' dir='ltr'><strong>uost</strong></span> <span class='ocrx_word' id='word_1_732' title='bbox 1696 5153 1836 5216; x_wconf 74' lang='lat' dir='ltr'><strong>uictoriam</strong></span> 
     </span>
     <span class='ocr_line' id='line_1_111' title="bbox 1046 5218 1836 5295; baseline 0.008 -20"><span class='ocrx_word' id='word_1_733' title='bbox 1046 5233 1121 5275; x_wconf 87' lang='lat' dir='ltr'><strong>suum</strong></span> <span class='ocrx_word' id='word_1_734' title='bbox 1136 5218 1189 5279; x_wconf 81' lang='lat' dir='ltr'><strong>ait.</strong></span> <span class='ocrx_word' id='word_1_735' title='bbox 1206 5225 1260 5272; x_wconf 90' lang='lat' dir='ltr'><strong>tum</strong></span> <span class='ocrx_word' id='word_1_736' title='bbox 1276 5218 1391 5283; x_wconf 87' lang='lat' dir='ltr'><strong>scilicet,</strong></span> <span class='ocrx_word' id='word_1_737' title='bbox 1407 5233 1467 5275; x_wconf 89' lang='lat' dir='ltr'><strong>eum</strong></span> <span class='ocrx_word' id='word_1_738' title='bbox 1482 5218 1600 5276; x_wconf 85' lang='lat' dir='ltr'><strong>Litorius</strong></span> <span class='ocrx_word' id='word_1_739' title='bbox 1615 5231 1708 5278; x_wconf 86' lang='lat' dir='ltr'><strong>comes</strong></span> <span class='ocrx_word' id='word_1_740' title='bbox 1725 5224 1772 5295; x_wconf 80' lang='lat' dir='ltr'><strong>qui</strong></span> <span class='ocrx_word' id='word_1_741' title='bbox 1787 5240 1836 5281; x_wconf 83' lang='lat' dir='ltr'><strong>se·</strong></span> 
     </span>
     <span class='ocr_line' id='line_1_112' title="bbox 1046 5289 1834 5364; baseline 0.009 -21"><span class='ocrx_word' id='word_1_742' title='bbox 1046 5289 1133 5345; x_wconf 86' lang='lat' dir='ltr'><strong>currda</strong></span> <span class='ocrx_word' id='word_1_743' title='bbox 1159 5289 1193 5343; x_wconf 88' lang='lat' dir='ltr'><strong>ab</strong></span> <span class='ocrx_word' id='word_1_744' title='bbox 1211 5289 1289 5343; x_wconf 80' lang='lat' dir='ltr'><strong>Aetio</strong></span> <span class='ocrx_word' id='word_1_745' title='bbox 1303 5297 1437 5357; x_wconf 70' lang='lat' dir='ltr'><strong>protestate</strong></span> <span class='ocrx_word' id='word_1_746' title='bbox 1453 5290 1557 5348; x_wconf 90' lang='lat' dir='ltr'><strong>llunnis</strong></span> <span class='ocrx_word' id='word_1_747' title='bbox 1576 5291 1755 5349; x_wconf 76' lang='lat' dir='ltr'><strong>auxiliaribus</strong></span> <span class='ocrx_word' id='word_1_748' title='bbox 1769 5312 1834 5364; x_wconf 83' lang='lat' dir='ltr'><strong>urru-</strong></span> 
     </span>
     <span class='ocr_line' id='line_1_113' title="bbox 1046 5359 1836 5429; baseline 0.004 -15"><span class='ocrx_word' id='word_1_749' title='bbox 1046 5367 1114 5426; x_wconf 90' lang='lat' dir='ltr'><strong>crut,</strong></span> <span class='ocrx_word' id='word_1_750' title='bbox 1129 5374 1216 5429; x_wconf 73' lang='lat' dir='ltr'><strong>pugna</strong></span> <span class='ocrx_word' id='word_1_751' title='bbox 1228 5374 1288 5413; x_wconf 87' lang='lat' dir='ltr'><strong>eom</strong></span> <span class='ocrx_word' id='word_1_752' title='bbox 1302 5359 1397 5415; x_wconf 84' lang='lat' dir='ltr'><strong>Gotbis</strong></span> <span class='ocrx_word' id='word_1_753' title='bbox 1408 5360 1572 5417; x_wconf 84' lang='lat' dir='ltr'><strong>adTolosurn</strong></span> <span class='ocrx_word' id='word_1_754' title='bbox 1588 5373 1689 5423; x_wconf 87' lang='lat' dir='ltr'><strong>temere</strong></span> <span class='ocrx_word' id='word_1_755' title='bbox 1701 5375 1836 5425; x_wconf 78' lang='lat' dir='ltr'><strong>conserta.</strong></span> 
     </span>
     <span class='ocr_line' id='line_1_114' title="bbox 1046 5430 1836 5499; baseline 0.004 -17"><span class='ocrx_word' id='word_1_756' title='bbox 1046 5431 1134 5485; x_wconf 87' lang='lat' dir='ltr'><strong>vietus</strong></span> <span class='ocrx_word' id='word_1_757' title='bbox 1147 5438 1293 5498; x_wconf 66' lang='lat' dir='ltr'><strong>carolusque</strong></span> <span class='ocrx_word' id='word_1_758' title='bbox 1307 5430 1429 5486; x_wconf 88' lang='lat' dir='ltr'><strong>eamdem</strong></span> <span class='ocrx_word' id='word_1_759' title='bbox 1445 5431 1539 5489; x_wconf 81' lang='lat' dir='ltr'><strong>orbern</strong></span> <span class='ocrx_word' id='word_1_760' title='bbox 1554 5431 1686 5499; x_wconf 55' lang='lat' dir='ltr'><strong>boetium,</strong></span> <span class='ocrx_word' id='word_1_761' title='bbox 1704 5443 1732 5489; x_wconf 84' lang='grc' dir='ltr'><strong>ιιι</strong></span> <span class='ocrx_word' id='word_1_762' title='bbox 1744 5433 1836 5489; x_wconf 78' lang='lat' dir='ltr'><strong>serbis</strong></span> 
     </span>
     <span class='ocr_line' id='line_1_115' title="bbox 1047 5500 1836 5571; baseline -0.001 -14"><span class='ocrx_word' id='word_1_763' title='bbox 1047 5500 1196 5562; x_wconf 83' lang='lat' dir='ltr'><strong>Saluianus,</strong></span> <span class='ocrx_word' id='word_1_764' title='bbox 1211 5516 1289 5570; x_wconf 70' lang='lat' dir='ltr'><strong>quarm</strong></span> <span class='ocrx_word' id='word_1_765' title='bbox 1307 5516 1339 5555; x_wconf 89' lang='lat' dir='ltr'><strong>eo</strong></span> <span class='ocrx_word' id='word_1_766' title='bbox 1353 5501 1397 5555; x_wconf 89' lang='lat' dir='ltr'><strong>die</strong></span> <span class='ocrx_word' id='word_1_767' title='bbox 1412 5503 1541 5557; x_wconf 85' lang='lat' dir='ltr'><strong>rictorem</strong></span> <span class='ocrx_word' id='word_1_768' title='bbox 1553 5519 1581 5557; x_wconf 89' lang='lat' dir='ltr'><strong>se</strong></span> <span class='ocrx_word' id='word_1_769' title='bbox 1595 5504 1754 5559; x_wconf 85' lang='lat' dir='ltr'><strong>intraturum</strong></span> <span class='ocrx_word' id='word_1_770' title='bbox 1770 5518 1836 5571; x_wconf 74' lang='lat' dir='ltr'><strong>prae·</strong></span> 
     </span>
    </p>
   </div>
   <div class='ocr_carea' id='block_1_28' title="bbox 211 5571 1840 5782">
    <p class='ocr_par' dir='ltr' id='par_1_52' title="bbox 211 5571 1840 5782">
     <span class='ocr_line' id='line_1_116' title="bbox 211 5571 1835 5644; baseline -0.003 -13"><span class='ocrx_word' id='word_1_771' title='bbox 211 5590 260 5631; x_wconf 91' lang='lat' dir='ltr'><strong>nos</strong></span> <span class='ocrx_word' id='word_1_772' title='bbox 272 5576 405 5643; x_wconf 77' lang='lat' dir='ltr'><strong>aboedo,</strong></span> <span class='ocrx_word' id='word_1_773' title='bbox 415 5588 463 5644; x_wconf 82' lang='lat' dir='ltr'><strong>uer</strong></span> <span class='ocrx_word' id='word_1_774' title='bbox 472 5572 741 5643; x_wconf 69' lang='lat' dir='ltr'><strong>Eoclrurioumrcgenr</strong></span> <span class='ocrx_word' id='word_1_775' title='bbox 751 5573 907 5635; x_wconf 73' lang='lat' dir='ltr'><strong>Alanorum.</strong></span> <span class='ocrx_word' id='word_1_776' title='bbox 918 5587 996 5640; x_wconf 78' lang='lat' dir='ltr'><strong>quern</strong></span> <span class='ocrx_word' id='word_1_777' title='bbox 1049 5571 1175 5640; x_wconf 77' lang='lat' dir='ltr'><strong>surripuit,</strong></span> <span class='ocrx_word' id='word_1_778' title='bbox 1195 5572 1314 5638; x_wconf 81' lang='lat' dir='ltr'><strong>cuprinos</strong></span> <span class='ocrx_word' id='word_1_779' title='bbox 1338 5571 1460 5636; x_wconf 82' lang='lat' dir='ltr'><strong>irroravit,</strong></span> <span class='ocrx_word' id='word_1_780' title='bbox 1476 5587 1561 5637; x_wconf 82' lang='lat' dir='ltr'><strong>enno,</strong></span> <span class='ocrx_word' id='word_1_781' title='bbox 1578 5580 1607 5627; x_wconf 91' lang='lat' dir='ltr'><strong>ut</strong></span> <span class='ocrx_word' id='word_1_782' title='bbox 1627 5575 1681 5642; x_wconf 76' lang='lat' dir='ltr'><strong>iarn</strong></span> <span class='ocrx_word' id='word_1_783' title='bbox 1706 5572 1835 5629; x_wconf 75' lang='lat' dir='ltr'><strong>indicari·</strong></span> 
     </span>
     <span class='ocr_line' id='line_1_117' title="bbox 211 5640 1840 5711; baseline -0.001 -10"><span class='ocrx_word' id='word_1_784' title='bbox 211 5647 303 5709; x_wconf 83' lang='lat' dir='ltr'><strong>adeos</strong></span> <span class='ocrx_word' id='word_1_785' title='bbox 316 5643 481 5705; x_wconf 77' lang='lat' dir='ltr'><strong>edomandos</strong></span> <span class='ocrx_word' id='word_1_786' title='bbox 495 5642 615 5708; x_wconf 70' lang='lat' dir='ltr'><strong>intumit,</strong></span> <span class='ocrx_word' id='word_1_787' title='bbox 636 5651 703 5699; x_wconf 82' lang='lat' dir='ltr'><strong>teste</strong></span> <span class='ocrx_word' id='word_1_788' title='bbox 721 5642 878 5701; x_wconf 71' lang='lat' dir='ltr'><strong>Consundo</strong></span> <span class='ocrx_word' id='word_1_789' title='bbox 898 5644 924 5696; x_wconf 91' lang='grc' dir='ltr'><strong>ιιι</strong></span> <span class='ocrx_word' id='word_1_790' title='bbox 939 5643 996 5695; x_wconf 85' lang='lat' dir='ltr'><strong>llitn</strong></span> <span class='ocrx_word' id='word_1_791' title='bbox 1048 5658 1123 5707; x_wconf 74' lang='lat' dir='ltr'><strong>mou,</strong></span> <span class='ocrx_word' id='word_1_792' title='bbox 1144 5641 1208 5697; x_wconf 78' lang='lat' dir='ltr'><strong>too.</strong></span> <span class='ocrx_word' id='word_1_793' title='bbox 1226 5642 1315 5709; x_wconf 79' lang='lat' dir='ltr'><strong>Quare</strong></span> <span class='ocrx_word' id='word_1_794' title='bbox 1336 5642 1365 5696; x_wconf 90' lang='lat' dir='ltr'><strong>in</strong></span> <span class='ocrx_word' id='word_1_795' title='bbox 1388 5641 1512 5699; x_wconf 87' lang='lat' dir='ltr'><strong>eumdem</strong></span> <span class='ocrx_word' id='word_1_796' title='bbox 1534 5641 1627 5701; x_wconf 80' lang='lat' dir='ltr'><strong>&#39;recidit</strong></span> <span class='ocrx_word' id='word_1_797' title='bbox 1644 5640 1715 5697; x_wconf 70' lang='lat' dir='ltr'><strong>illiti</strong></span> <span class='ocrx_word' id='word_1_798' title='bbox 1740 5642 1840 5711; x_wconf 69' lang='lat' dir='ltr'><strong>uraelc·</strong></span> 
     </span>
     <span class='ocr_line' id='line_1_118' title="bbox 211 5711 1374 5782; baseline -0.006 -9"><span class='ocrx_word' id='word_1_799' title='bbox 211 5716 381 5775; x_wconf 65' lang='lat' dir='ltr'><strong>§.Geroniani</strong></span> <span class='ocrx_word' id='word_1_800' title='bbox 397 5714 442 5773; x_wconf 93' lang='lat' dir='ltr'><strong>lib.</strong></span> <span class='ocrx_word' id='word_1_801' title='bbox 459 5718 568 5782; x_wconf 82' lang='lat' dir='ltr'><strong>ri.con.</strong></span> <span class='ocrx_word' id='word_1_802' title='bbox 592 5713 625 5781; x_wconf 80' lang='lat' dir='ltr'><strong>b,</strong></span> <span class='ocrx_word' id='word_1_803' title='bbox 650 5715 701 5770; x_wconf 89' lang='lat' dir='ltr'><strong>etsi</strong></span> <span class='ocrx_word' id='word_1_804' title='bbox 728 5729 763 5770; x_wconf 82' lang='lat' dir='ltr'><strong>eo</strong></span> <span class='ocrx_word' id='word_1_805' title='bbox 783 5714 844 5771; x_wconf 91' lang='lat' dir='ltr'><strong>luco</strong></span> <span class='ocrx_word' id='word_1_806' title='bbox 869 5711 999 5771; x_wconf 81' lang='lat' dir='ltr'><strong>mendose</strong></span> <span class='ocrx_word' id='word_1_807' title='bbox 1041 5723 1138 5769; x_wconf 27' lang='lat' dir='ltr'><strong>ictum.</strong></span> <span class='ocrx_word' id='word_1_808' title='bbox 1372 5734 1374 5739; x_wconf 50' lang='lat'><strong><em>¹</em></strong></span> 
     </span>
    </p>
   </div>
   <div class='ocr_carea' id='block_1_29' title="bbox 427 5833 531 5853">
    <p class='ocr_par' dir='ltr' id='par_1_53' title="bbox 427 5833 531 5853">
     <span class='ocr_line' id='line_1_119' title="bbox 427 5833 531 5853; baseline 0.01 -9"><span class='ocrx_word' id='word_1_809' title='bbox 427 5833 503 5849; x_wconf 56' lang='grc' dir='ltr'>..α-μ</span> <span class='ocrx_word' id='word_1_810' title='bbox 507 5836 531 5853; x_wconf 61' lang='grc' dir='ltr'><strong>..μ</strong></span> 
     </span>
    </p>
   </div>
   <div class='ocr_carea' id='block_1_30' title="bbox 0 0 2061 6340">
    <p class='ocr_par' dir='ltr' id='par_1_54' title="bbox 0 0 2061 6340">
     <span class='ocr_line' id='line_1_120' title="bbox 0 0 2061 6340; baseline 0 0"><span class='ocrx_word' id='word_1_811' title='bbox 0 0 2061 6340; x_wconf 95' lang='lat' dir='ltr'><strong> </strong></span> 
     </span>
    </p>
   </div>
  </div>
 </body>
</html>
